@book{kalnay,
  title={{Atmospheric modeling, data assimilation, and predictability}},
  author={Kalnay, E.},
  year={2003},
  publisher={Cambridge University Press}
}
@book{evensen,
  title={{Data assimilation: the ensemble Kalman filter}},
  author={Evensen, G.},
  year={2009},
  publisher={Springer}
}
@article{Cu15Imag,
  title={{Image data assimilation with filtering methods}},
  author={Cuzol, A. and Marchand, J.-L. and M{\'e}min, E.},
  journal={Journal de la Soci{\'e}t{\'e} Fran{\c{c}}aise de Statistique},
  volume={156},
  number={1},
  pages={169--179},
  year={2015}
}
@incollection{Re14Gene,
  title={{General Circulation of Planetary Atmospheres: Insights from Rotating Annulus and Related Experiments}},
  author={Read, P.L. and P{\'e}rez, E.P. and Moroz, I.M. and Young, R.M.B.},
  booktitle={Modeling Atmospheric and Oceanic Flows: Insights from Laboratory Experiments and Numerical Simulations},
  editor={Von Larcher, T. and Williams, P.D.},
  year={2014},
  publisher={John Wiley \& Sons}
}
@book{dubuisson,
  title={{Tracking with Particle Filter for High-dimensional Observation and State Spaces}},
  author={Dubuisson, S.},
  year={2015},
  publisher={John Wiley \& Sons}
}
@article{Bl15Whol,
title = "Whole cell tracking through the optimal control of geometric evolution laws ",
journal = "Journal of Computational Physics ",
volume = "297",
pages = "495 - 514",
year = "2015",
author = "Blazakis, K.N. and Madzvamuse, A. and Reyes-Aldasoro, C.C. and Styles, V.  and Venkataraman, C.",
}
@article{Cr14Over,
 author={Craciunescu, T. and Murari, A. and Gelfusa, M. and Tiseanu, I. and Zoita, V. and JET EFDA Contributors},
  title={{Overview of image processing tools to extract physical information from JET videos}},
  journal={Plasma Physics and Controlled Fusion},
  volume={56},
  number={11},
  pages={114006},
  year={2014},
}
