@article{huttunen2002cau,
  title={{Computational Aspects of the Ultra-Weak Variational Formulation}},
  author={Huttunen, T. and Monk, P. and Kaipio, J.P.},
  journal={Journal of Computational Physics},
  volume={182},
  number={1},
  pages={27--46},
  year={2002}
}

@article{canouet2005dgt,
  title={{Discontinuous Galerkin time-domain solution of Maxwell's equations on locally-refined nonconforming Cartesian grids}},
  author={Canouet, N. and Fezoui, L. and Piperno, S.},
  journal={COMPEL: Int J for Computation and Maths. in Electrical and Electronic Eng},
  volume={24},
  number={4},
  pages={1381--1401},
  year={2005},
  publisher={Emerald Group Publishing Limited}
}
@phdthesis{canouet2003mgd,
  title={{M{\'e}thodes de Galerkin Discontinu pour la r{\'e}solution du syst{\`e}me de Maxwell sur des maillages localement raffin{\'e}s non-conformes.}},
  author={Canouet, N.},
  year={2003}
}
@article{cessenat:255,
author = {Olivier Cessenat and Bruno Despres},
collaboration = {},
title = {Application of an Ultra Weak Variational Formulation of Elliptic PDEs to the Two-Dimensional Helmholtz Problem},
publisher = {SIAM},
year = {1998},
journal = {SIAM Journal on Numerical Analysis},
volume = {35},
number = {1},
pages = {255-299},
keywords = {ultra weak; Helmholtz problem; Galerkin procedure; convergence order},
url = {http://link.aip.org/link/?SNA/35/255/1},
doi = {10.1137/S0036142995285873}
}
@article{cessenat1998auw,
  title={{Application of an ultra weak variational formulation of elliptic PDEs to the two-dimensional Helmholtz problem}},
  author={Cessenat, O. and Despres, B.},
  journal={SIAM Journal of Numerical Analysis},
  volume={35},
  number={1},
  pages={255--299},
  year={1998},
  publisher={JSTOR}
}
@article{cessenat1996adn,
  title={{Application d'une nouvelle formulation variationelle des equations d'ondes harmonigues}},
  author={Cessenat, O.},
  journal={Problemes de Helmholtz 2D et de Maxwell 3D PhD thesis Paris IX Dauphine},
  year={1996}
}
@article{kravtsov2007sve,
  title={{Stokes-vector evolution in a weakly anisotropic inhomogeneous medium}},
  author={Kravtsov, Y.A. and Bieg, B. and Bliokh, K.Y.},
  journal={Journal of the Optical Society of America A},
  volume={24},
  number={10},
  pages={3388--3396},
  year={2007},
  publisher={OSA}
}

@article{petrov2000cfw,
  title={{Coupled full-wave and ray-tracing numerical treatment of mode conversion in a tokamak plasma}},
  author={Petrov, Y. and B{\'e}coulet, A. and Monakhov, I.},
  journal={Physics of Plasmas},
  volume={7},
  pages={911},
  year={2000},
  publisher={AIP}
}
@article{chaudhury2006cwp,
  title={{Comparison of wave propagation studies in plasmas using three-dimensional finite-difference time-domain and ray-tracing methods}},
  author={Chaudhury, B. and Chaturvedi, S.},
  journal={Physics of Plasmas},
  volume={13},
  pages={123302},
  year={2006},
  publisher={AIP}
}
@article{svidzinski2001pds,
  title={{Possibility of a direct solution of Vlasov--Maxwell equations in tokamaks in the ion cyclotron range of frequencies}},
  author={Svidzinski, VA and Swanson, DG},
  journal={Physics of Plasmas},
  volume={8},
  pages={463},
  year={2001},
  publisher={AIP}
}


@article{gambier1985vti,
  title={{Variational theory of ion cyclotron resonance heating in tokamak plasmas}},
  author={GAMBIER, DJ and SAMAIN, A.},
  journal={Nuclear fusion},
  volume={25},
  number={3},
  pages={283--297},
  year={1985},
  publisher={Institute of Physics}
}
@article{petrov1994cdi,
  title={{Current drive by ion Bernstein waves in tokamaks}},
  author={Petrov, Y.V.},
  journal={Nuclear Fusion},
  volume={34},
  number={1},
  pages={63--74},
  year={1994}
}
