@INPROCEEDINGS{foster,
  TITLE="{The region of application in GTD/UTD}",
  AUTHOR={Foster, P.R.},
  BOOKTITLE = "{Third International Conference on Computation in Electromagnetics
  (Conf. Publ. No.420). IEE, London, UK; xvi+428pp.}",
  PAGES={382-6},
  YEAR = 1996}

@TECHREPORT{sowerby,
  AUTHOR = {Simpson, J.A.L.},
  TITLE = "{The Interface Between the AEA Installed Antenna
Performance Code INSTANT and the SRC Surface Ray-Tracing Module SRT
(Version 0.7P)}",
  INSTITUTION = {BAE Systems Advanced Technology Centres -- Sowerby},
  YEAR  = 2001,
  NUMBER = {250/TM-112/171717} }

@INPROCEEDINGS{chew93,
  AUTHOR = {Chew, L.P.},
  TITLE = "{Guaranteed-quality mesh generation for curved surfaces}",
  BOOKTITLE = "{Proceedings of the 9th ACM Annual Symposium on Computational Geometry}",
  PUBLISHER = {ACM},
  YEAR =1993,
  PAGES = {274-280} }
  
  
@ARTICLE{chew89,
  AUTHOR = {Chew, L.P.},
  TITLE = "{Constrained Delaunay triangulation}",
  JOURNAL = "{Algorithmica}",
  YEAR =1989,
  VOLUME = {4},
  PAGES = {97-108} }
  
@ARTICLE{kravorl,
  AUTHOR = {Kravtsov, Yu.A. and Orlov, Yu.I.},
  TITLE = "{Limits of applicability of the method of geometric optics
  and related problems}",
  JOURNAL = "{Soviet Physics--Uspekhi}",
  YEAR =1980,
  VOLUME = {23}, NUMBER={11},
  PAGES = {750-762} }
  
  
@ARTICLE{clin90,
  AUTHOR = {Cline, A.K. and Renka, R.J.},
  TITLE = "{A constrained two-dimensional triangulation and the solution of closest node
  problems in the presence of barriers}",
  JOURNAL = "{SIAM Journal of  Numerical Analysis}",
  YEAR =1990,
  VOLUME = {27},
  NUMBER = {5},
  PAGES = {1305-1321} }
  
  
@ARTICLE{fang94,
  AUTHOR = {Fang, T.P. and Piegl, L.A.},
  TITLE = "{Algorithm for constrained Delaunay triangulation}",
  JOURNAL = "{The Visual Computer}",
  YEAR =1994,
  VOLUME = {10},
  PAGES = {255-265} }
  
@ARTICLE{leel86,
  AUTHOR = {Lee, D.T. and Lin, A.K.},
  TITLE = "{Generalized Delaunay triangulation for planar graphs}",
  JOURNAL = "{Discrete \& Computational Geometry}",
  YEAR =1986,
  VOLUME = {1},
  PAGES = {201-217} }
  
  
@INPROCEEDINGS{holm88,
  AUTHOR = {Holmes, D.G. and Snyder, D.D.},
  TITLE = "{The generation of unstructured triangular meshes using Delaunay triangulation}",
  BOOKTITLE = "{Numerical grid generation in computational fluid mechanics}",
  EDITOR = "Sengupta et al",
  PUBLISHER = {Pineridge Press Limited, Swansea},
  YEAR =1988,
  PAGES = {643-652} }
  
  
@ARTICLE{shen86,
  AUTHOR = {Shenton, D. and Cendes, Z.},
  TITLE = "{MAX - an expert system for automatic adaptive meshing}",
  JOURNAL = "{IEEE Transactions on Magnetics}",
  YEAR =1986,
  VOLUME = {22},
  NUMBER = {5},
  PAGES = {805-807} }
  
  
@ARTICLE{rupp95,
  AUTHOR = {Ruppert, J.},
  TITLE = "{A Delaunay refinement algorithm for quality two-dimensional mesh generation}",
  JOURNAL = "{Journal of Algorithms}",
  YEAR =1995,
  VOLUME = {18},
  NUMBER = {3},
  PAGES = {548-585} }
  
  
@ARTICLE{weat95,
  AUTHOR = {Weatherill, N.P. and Hassan, O. and Marcum, D.L.},
  TITLE = "{Compressible flowfield solutions with unstructured grids generated by
  Delaunay triangulation}",
  JOURNAL = "{AIAA Journal}",
  YEAR =1995,
  VOLUME = {33},
  NUMBER = {7},
  PAGES = {1196-1204} }
  
  
@ARTICLE{marc95,
  AUTHOR = {Marcum, D.L. and Weatherill, N.P.},
  TITLE = "{Unstructured grid generation using iterative point insertion and local reconnection}",
  JOURNAL = "{AIAA Journal}",
  YEAR =1995,
  VOLUME = {33},
  NUMBER = {9},
  PAGES = {1619-1625} }
  
@ARTICLE{marc96,
  AUTHOR = {Marcum, D.L.},
  TITLE = "{Adaptive unstructured grid generation for viscous flow applications}",
  JOURNAL = "{AIAA Journal}",
  YEAR =1996,
  VOLUME = {34},
  NUMBER = {11},
  PAGES = {2440-2443} }
  
  
@INPROCEEDINGS{shew96,
  AUTHOR = {J. R. Shewchuk},
  TITLE = "{Triangle: engineering a 2D quality mesh generator and Delaunay triangulator}",
  BOOKTITLE = "{First Workshop on Applied Computational Geometry}",
  PUBLISHER = {ACM},
  YEAR =1996,
  PAGES = {124-133} }
  
  
@INPROCEEDINGS{shewrobu96,
  AUTHOR = {J. R. Shewchuk},
  TITLE = "{Robust adaptive floating-point geometric predicates}",
  BOOKTITLE = "{Proceedings of the 12th ACM Annual Symposium on Computational Geometry}",
  PUBLISHER = {ACM},
  YEAR =1996,
  PAGES = {141-150} }
  
  
@ARTICLE{guib85,
  AUTHOR = {Guibas, L. and Stolfi, J.},
  TITLE = "{Primitives for the manipulation of general subdivisions and the computation of Voronoi
  diagrams}",
  JOURNAL = "{ACM Transactions on Graphics}",
  YEAR =1985,
  VOLUME = {4},
  NUMBER = {2},
  PAGES = {74-123} }
  
  
@INPROCEEDINGS{devi99,
  AUTHOR = {Devillers, O.},
  TITLE = "{On deletion in Delaunay triangulation}",
  BOOKTITLE = "{Proceedings of the 15th Annual ACM Symposium on Computational Geometry}",
  PUBLISHER = {ACM},
  YEAR =1999,
  PAGES = {181-188} }

@ARTICLE{tane83,
  AUTHOR = {Tanemura, M. and Ogawa, T. and Ogita,N.},
  TITLE = "{A new algorithm for three-dimensional Voronoi tessellations}",
  JOURNAL = "{Journal of Computational Physics}",
  YEAR =1983,
  VOLUME={51},
  PAGES={191-207} }

@ARTICLE{reba93,
  AUTHOR = {Rebay, A.},
  TITLE = "{Efficient unstructured mesh generation
  by means of Delaunay triangulation and Bowyer-Watson algorithm}",
  JOURNAL = "{Journal of Computational Physics}",
  YEAR =1993,
  VOLUME={106},
  PAGES={125-138} }

@INPROCEEDINGS{pigh97,
  TITLE="{Progressive previewing of ray-traced images using image-plane discontinuity meshing}",
  AUTHOR={Pighin, F.P. and Lischinski, D. and Salesin, D.H.},
  BOOKTITLE = "{Proceedings of the 8th Eurographics Workshop on Rendering}",
  PAGES={115-125},
  YEAR = 1997}

@ARTICLE{DeFl85,
  AUTHOR = {{De Floriani}, L.  and Falcidieno, B. and  Pienovi, C.},
  TITLE = "{Delaunay-based representation of surfaces defined over
  arbitrarily shaped domains}",
  JOURNAL = "{Computer Vision, Graphics, and Image Processing}",
  YEAR = 1985,
  VOLUME = {32},
  NUMBER = 1,
  PAGES = {127-140} }

@INCOLLECTION{laws77,
  AUTHOR = {Lawson, C.L.},
  TITLE = "{Software for $C^1$ surface interpolation}",
  YEAR = 1977,
  BOOKTITLE = "{Mathematical Software III}",
  EDITOR = {J.R. Rice},
  PUBLISHER = {Academic Press, New York},
  PAGES = {161-194} }

@BOOK{knuth,
  TITLE="{The Art of Computer Programming Volume 1/Fundamental Algorithms}",
  AUTHOR={Knuth, D.E.},
  PUBLISHER ={Addison--Wesley, Reading, Mass.},
  YEAR = 1968}


@TECHREPORT{amf3,
  AUTHOR = {Prince, J.G.},
  TITLE = "{Antenna Modelling Facility: Phase 3 Delivery and User Guide}",
  INSTITUTION = {FEGS Ltd, Oakington, Cambridge CB4 5AF},
  NUMBER = { Project L092, Version~1, 10/5/2000},
  YEAR = 2000} }

@ARTICLE{Lu73,
  AUTHOR =       {Ludwig, A.C.},
  TITLE =        {The Definition of Cross Polarisation},
  JOURNAL =      {IEEE Transactions on Antennas and Propagation},
  YEAR =         {1973},
  VOLUME =       {21},
  NUMBER =       {},
  PAGES =        {116-119},
}

@TECHREPORT{farn,
  AUTHOR = {Sutcliffe, M.},
  TITLE = "{Installed antenna performance group output
requirements for the INSTANT software}",
  INSTITUTION = {BAE Systems Farnborough},
  YEAR  = 2002,
  NUMBER = {BAE-WEM-MM-R\&D-ANT-12325} }


@ARTICLE{Bu79Aeri,
  AUTHOR = {Bull, D.A. and Smithers, B.W.},
  TITLE = "{Aerial isolation: a study of the interaction between co-sited aerials}", 
  JOURNAL = {The Radio And Electronic Engineer},
  VOLUME = {49},
  NUMBER = {6},
  PAGES = {289-296},
  YEAR =  1979 }

@INPROCEEDINGS{Ka93Soft,
  AUTHOR = {Kalatizadeh, Y. and Phillipou, G.Y. and Claydon, B.},
  TITLE = "{Software for analysing coupling between antennas on a satellite or other platforms}", 
  BOOKTITLE = "{
   Eighth International Conference on Antennas and Propagation
   (Conf. Publ. No.370) 2 vol.  xxxv+1010 pp.  Edinburgh, UK, 1993}",
  VOLUME = {2},
  PAGES = {963-966},
  PUBLISHER = {IEE, London},
  YEAR =  1993 }

@BOOK{silver,
  AUTHOR = {Silver, S.},
  TITLE = "{Microwave Antenna Theory and Design}", 
  PUBLISHER = {Peter Peregrinus, London},
  NOTE = {First published in 1948},
  YEAR =  1984}

@ARTICLE{Ya82Effi,
  AUTHOR = {Yaghjian, A.D.},
  TITLE = "{Efficient computation of antenna coupling and fields within the near-field region}", 
  JOURNAL = {IEEE Transactions on Antennas and Propagation},
  VOLUME = {30},
  NUMBER = {1},
  PAGES = {113-128},
  YEAR =  1982 }

@ARTICLE{Ya92Ante,
  AUTHOR = {Yaghjian, A.D.},
  TITLE = "{Antenna coupling and near-field sampling in plane-polar coordinates}", 
  JOURNAL = {IEEE Transactions on Antennas and Propagation},
  VOLUME = {40},
  NUMBER = {3},
  PAGES = {304-312},
  YEAR =  1992 }

@INPROCEEDINGS{Si70Near,
  AUTHOR = {Siegel, M.D.},
  TITLE = "{Near-field antenna coupling on aerospace vehicles}", 
  BOOKTITLE = "{
   1970 IEEE electromagnetic compatibility symposium record
   490+74 pp. Anaheim, CA, USA, 14-16 July 1970}",
  VOLUME = {},
  NUMBER = {},
  PAGES = {211-216},
  PUBLISHER = {IEEE, New York},
  YEAR =   1970}
