@book{christopheralexander,
  title={{A Pattern Language: Towns, Buildings, Construction.}},
  author={Alexander, C. and Ishikawa, S. and Silverstein, M. and Jacobson, M. and Fiksdahl-King, I. and Angel, S.},
  publisher={Oxford University Press},
  year={1977}
}

@book{gammahelmjohnsonvlissides,
  title={{Design Patterns: Elements of Reusable Object-Oriented Software.}},
  author={Gamma, E. and Helm, R. and Johnson, R. and Vlissides, J.},
  publisher={Addison-Wesley},
  year={1995}
}

@book{schmidtstalrohnertbuschmann,
  title={{Pattern-Oriented Software Architecture Volume 2: Patterns for Concurrent and Networked Objects}},
  author={Schmidt, Douglas C; Stal, M. and Rohnert, H. and Buschmann, F.},
  publisher={Wiley},
  year={2000}
}

@misc{softwarepatternwiki,
  title={{Software Design Pattern wiki}},
  howpublished={\url{https://en.wikipedia.org/wiki/Software_design_pattern}},
  year={2020},
  note={Accessed: July 2020}
}

@misc{yedwebsite,
  title={{yEd Graph Editor}},
  howpublished={\url{https://www.yworks.com/products/yed}},
  year={2020},
  note={Accessed: July 2020}
}
