@techreport{Ba16Limi,
  title={{3D FW HL - Limited Configuration - CCFE2016c vs CCFE2016d (Slides)}},
  author={Barbato, L. and  Maviglia, F. and  Wenninger, R. and  Firdaouss, M. and  Barrett, T. and  Kovari, M.},
  institution={{Eurofusion}},
  year={{2 November 2016}}
}
@techreport{ Ba16Flat,
  title={{3D FW HL  - Flat vs Roof Shaped Surfaces (Slides)}},
  author={Barbato, L. and  Maviglia, F. and  Wenninger, R. and  Firdaouss, M. and  Barrett, T. and  Kovari, M.},
  institution={{Eurofusion}},
  year={{2 November 2016}}
}
