@article{Ea98tape,
  title={{The tapered MILO}},
  author={Eastwood, J.W. and Hawkins, K.C. and Hook, M.P.},
  journal={IEEE transactions on plasma science},
  volume={26},
  number={3},
  pages={698--713},
  year={1998}
}
@inproceedings{Iv94Math,
  title={{The mathematical methods and electromagnetic codes for a physical electronics devices}},
  author={Ivanov, V.Y.},
  booktitle={Second International Conference on Computation in Electromagnetics},
  pages={251--254},
  year={1994}
}

@inproceedings{Iv03Impr,
  title={{An improved version of Topaz 3D}},
  author={Ivanov, V. and Krasnykh, A. and Scheitrum, G. and Jensen, A.},
  booktitle={Proceedings of the Particle Accelerator Conference PAC 2003. },
  volume={5},
  year={2003}
}

@phdthesis{brieda,
  title={{Development of the DRACO ES-PIC Code and Fully-kinetic Simulation of Ion Beam Neutralization}},
  author={Brieda, L.},
  year={2005},
  school={Virginia Polytechnic Institute and State University}
}

@book{hockneyeastwood,
  title={{Computer Simulation Using Particles}},
  author={Hockney, R.W. and Eastwood, J.W.},
  year={1988},
  publisher={IOP Publishing}
}
@book{birdsalllangdon,
  title={{Plasma Physics Via Computer Simulation}},
  author={Birdsall, C.K. and Langdon, A.B.},
  year={2004},
  publisher={Taylor \& Francis}
}
@article{As92Part,
  title={{A particle-tracking method for 3D electromagnetic PIC codes on unstructured meshes}},
  author={Assous, F. and Degond, P. and Segre, J.},
  journal={Computer Physics Communications},
  volume={72},
  number={2-3},
  pages={105--114},
  year={1992}
}
@article{Mu99Fini,
  title={{A finite-volume particle-in-cell method for the numerical treatment of Maxwell-Lorentz equations on boundary-fitted meshes}},
  author={Munz, CD and Schneider, R. and Sonnendrucker, E. and Stein, E. and Voss, U. and Westermann, T.},
  journal={Int. J. Numer. Methods Eng},
  volume={44},
  number={4},
  pages={461--487},
  year={1999}
}
@article{Va06Nove,
  title={{A Novel and Efficient Method for Particle Locating and Advancing over Deforming, NonOrthogonal Mesh}},
  author={Vaidya, AM and Subbarao, PMV and Gaur, RR},
  journal={Numerical Heat Transfer: Part B: Fundamentals},
  volume={49},
  number={1},
  pages={67--88},
  year={2006},
}
@article{We94Part,
  title={{Particle-In-Cell Simulations with Moving Boundaries: Adaptive Mesh Generation}},
  author={Westermann, T.},
  journal={J. Comp. Phys},
  volume={114},
  pages={161},
  year={1994}
}
@inproceedings{Mu98KAD1,
  title={{KAD12D-a particle-in-cell code based on finite-volume methods}},
  author={Munz, C.D. and Omnes, P. and Schneider, R. and Sonnendrucker, E. and Stein, E. and Voss, U. and Westermann, T. and Karlsruhe, F.},
  booktitle={High-Power Particle Beams, 1998. BEAMS'98. Proceedings of the 12th International Conference on},
  volume={1},
  year={1998}
}
@article{Ha07Effi,
  title={{An efficient and robust particle-localization algorithm
for unstructured grids}},
  author={Haselbacher, A. and Najjar, F.M. and Ferry, J.P.},
  journal={Journal of Computational Physics},
  volume={225},
  pages={2198-2213},
  year={2007}
}

@article{Fi98Fini,
  title={{Finite element approach to global gyrokinetic Particle-In-Cell simulations using magnetic coordinates}},
  author={Fivaz, M. and Brunner, S. and de Ridder, G. and Sauter, O. and Tran, TM and Vaclavik, J. and Villard, L. and Appert, K.},
  journal={COMPUT PHYS COMMUN},
  volume={111},
  number={1},
  pages={27--47},
  year={1998},
  publisher={Elsevier}
}
@techreport{He88EGUN,
  title={{EGUN-an electron optics and gun design program}},
  author={Hermannsfeldt, WB},
  institution={SLAC},
  number={SLAC-R-331},
  year={1988}
}

@techreport{Se98Adva,
  title={{Advanced 3D electromagnetic and particle-in-cell modeling on structured/unstructured hybrid grids}},
  author={Seidel, DB and Pasik, MF and Kiefer, ML and Riley, DJ and Turner, CD},
  year={1998},
  number={SAND--97-3190},
  institution={Sandia National Labs., Albuquerque, NM (United States)}
}
@inproceedings{Li03Imme,
  title={{The immersed finite element method for plasma particle simulation}},
  author={Lin, T. and Wang, J.},
  booktitle={41 st AIAA Aerospace Sciences Meeting \& Exhibit, Reno, NV},
  note={NO USE FOR PARTICLE TRACKING},
  year={2003}
}
@inproceedings{Ki02Mode,
  title={{Modeling, simulation, and design of an electrostatic colloid thruster}},
  author={Kirtley, D. and Fife, JM},
  booktitle={Plasma Science, 2002. ICOPS 2002. IEEE Conference Record-Abstracts. The 29th IEEE International Conference on},
  year={2002}
}
@inproceedings{Ro01Flow,
  title={{Flow Visualization on Hierarchical Cartesian Grids}},
  author={Roettger, S. and Schulz, M. and Bartelheimer, W.},
  booktitle={Proc. of International FORTWIHR Conference},
  volume={1},
  year={2001}
}
@article{Ye02Nume,
  title={{Numerical simulation of the electrostatic powder coating process with a corona spray gun}},
  author={Ye, Q. and Steigleder, T. and Scheibe, A. and Domnick, J.},
  journal={Journal of Electrostatics},
  volume={54},
  number={2},
  pages={189--205},
  year={2002},
  note={NO USE FOR PARTICLE TRACKING},
  publisher={Elsevier}
}
@inproceedings{Ma04Comp,
  title={{Computational ion optics design evaluations}},
  author={Malone, S. and Soulas, G.},
  booktitle={40th AIAA/ASME/SAE/ASEE Joint Propulsion Conference and Exhibit},
  year={2004}
}

@article{Ch02Effi,
  title={{An efficient particle-locating algorithm for application in arbitrary 2D and 3D grids}},
  author={Chorda, R. and Blasco, JA and Fueyo, N.},
  journal={International Journal of Multiphase Flow},
  volume={28},
  number={9},
  pages={1565--1580},
  year={2002}
}
@article{Fu06Inte,
  title={{On the integration of equations of motion for particle-in-cell codes}},
  author={Fuchs, V. and Gunn, JP},
  journal={Journal of Computational Physics},
  volume={214},
  number={1},
  pages={299--315},
  year={2006}
}

@inproceedings{Mo89Appl,
  title={{APPLICATION OF THE ARGUS CODE TO ACCELERATOR DESIGN CALCULATIONS}},
  author={Mondelli, A. and Chang, C. and Drobot, A. and Ko, K. and Mankofsky, A. and Petillo, J.},
  booktitle={Particle Accelerator Conference, 1989. PAC 1989. Proceedings of the},
  pages={877--879},
  year=1989
}
@book{eminhizer,
  editor={{Eminhizer C.R.}},
  title={{Proceedings of the Workshop on Linear Accelerator and Beam Optics Codes, San Diego, CA, USA}},
  year=1988,
  publisher={American Institute of Physics}
}
@article{Tr75Defo,
  title={{The deformable relaxation mesh technique for solution of electron optics problems}},
  author={True, R.},
  journal={International Electron Devices Meeting Technical Digest},
  pages={257--260},
  year={1975}
}
@article{Ea95Body,
  title={{Body-fitted electromagnetic PIC software for use on parallel computers}},
  author={Eastwood, JW and Arter, W. and Brealey, NJ and Hockney, RW},
  journal={Computer Physics Communications},
  volume={87},
  number={1-2},
  pages={155--178},
  year={1995},
  publisher={Elsevier}
}
@article{Fr91Nume,
  title={{Numerically induced stochasticity}},
  author={Friedman, A. and Auerbach, S.P.},
  journal={Journal of Computational Physics},
  volume={93},
  number={1},
  pages={171--188},
  year={1991}
}
@article{Au91Long,
  title={{Long-time behaviour of numerically computed orbits: small and intermediate time-step analysis of one-dimensional systems}},
  author={Auerbach, S.P. and Friedman, A.},
  journal={Journal of Computational Physics},
  volume={93},
  pages={189--223},
  year={1991}
}
@article{Te97Effi,
  title={{Efficient and Reliable Integration Methods for Particle Tracing in Unsteady Flows on Discrete Meshes}},
  author={Teitzel, C. and Grosso, R. and Ertl, T. and Lefer, W. and Grave, M.},
  journal={Eighth Eurographics Workshop on Visualization in Scientific Computing},
  pages={49--56},
  year={1997}
}
@article{Ki03Loca,
  title={{Local Exact Particle Tracing on Unstructured Grids}},
  author={Kipfer, P. and Reck, F. and Greiner, G.},
  journal={Computer Graphics Forum},
  volume={22},
  number={2},
  pages={133--142},
  year={2003}
}
@inproceedings{Ne01Part,
  title={{Particle tracking on unstructured grids}},
  author={Nelson, EM and Eppley, KR and Levush, B.},
  booktitle={Proceedings of the 2001 Particle Accelerator Conference, PAC 2001},
  year={2001}
}
@article{Pe05Rece,
  title={{Recent developments to the MICHELLE 2-D/3-D electron gun and collector modeling code}},
  author={Petillo, J.J. and Nelson, E.M. and DeFord, J.F. and Dionne, N.J. and Levush, B.},
  journal={IEEE Transactions on Electron Devices},
  volume={52},
  number={5},
  pages={742--748},
  year={2005}
}

@inproceedings{Bo02Cohe,
  title={{Coherent synchrotron radiation and microbunching in bunch compressor.}
 },
  author={Borland, M.},
  booktitle={21st International Linear Accelerator Conference (LINAC 2002), Gyeongju},
  year={2002}
}
