@misc{nektardiffusionwebsite,
  title={{Nektar-diffusion proxyapp}},
  howpublished = {\url{https://github.com/ExCALIBUR-NEPTUNE/nektar-diffusion}},
  YEAR = 2021,
  note={Accessed: September 2021}
}

@misc{nektardriftwavewebsite,
  title={{Nektar++ solver for Hasegawa-Wakatani equations}},
  howpublished = {\url{https://github.com/ExCALIBUR-NEPTUNE/nektar-driftwave}},
  YEAR = 2021,
  note={Accessed: September 2021}
}

@article{braginskii1965transport,
  title={Transport processes in a plasma},
  author={Braginskii, S. I.},
  journal={Reviews of plasma physics},
  volume={1},
  year={1965},
  publisher={Consultants Bureau}
}

@article{Mo19Nek,
  title={Nektar++: Enhancing the capability and application of high-fidelity spectral/hp element methods},
  author={D. Moxey et al.},
  journal={Computer Physics Communications},
  volume={249},
  article={107110},
  year={2019}
}

@article{Wa86Coll,
  title={A collisional drift wave description of plasma edge turbulence},
  author={M. Wakatani and A. Hasegawa},
  journal={Physics of Fluids},
  volume={27},
  part={3},
  year={1986}
}

@misc{ammarhakimwebsite,
  title={{Solving (modified) Hasegawa-Wakatani equations}},
  howpublished = {\url{http://ammar-hakim.org/sj/je/je17/je17-hasegawa-wakatani.html}},
  YEAR = 2021,
  note={Accessed: September 2021}
}
