
@misc{SAMRAI,
  title = {{SAMRAI Structured Adaptive Mesh Refinement Application Infrastructure}},
  author = {Center for Applied Scientific Computing, Lawrence Livermore National Laboratory},
  howpublished = {\url{https://computation.llnl.gov/casc/SAMRAI/}},
  note = {August 2020}
}

@article{Br14ENZO,
  title={{ENZO: an adaptive mesh refinement code for astrophysics}},
  author={{G.L. Bryan and M.L. Norman and B.O' Shea and T. Abel and J.H. Wise and M.J. Turk and D.R. Reynolds and D.C. Collins and P. Wang and S.W. Skillman and B. Smith and R.P. Harkness and J. Bordner and J.-hoon  Kim and M. Kuhlen and H. Xu and N.J. Goldbaum and C.B. Hummels and A.G. Kritsuk and E.J. Tasker and S. Skory and C.M. Simpson and O. Hahn and J.S. Oishi and G. So and F. Zhao and R. Cen and Y. Li}},
  journal={Astrophysical Journal Supplement Series},
  year={2014},
  number={2},
  volume={211},
  pages={19}
}

