@article{Parker15Fourier,
  title={{Fourier-Hermite spectral representation for the Vlasov-Poisson system in the weakly collisional limit}},
  author={Parker, J.T. and Dellar, P.J.},
  journal={J. Plasma Physics Vol. 81, 305810203; doi:10.1017/S0022377814001287}},
  year={2015}
}
@misc{intelmklwebsite,
  title={{Intel oneAPI Math Kernel Library}},
  howpublished = {\url{https://www.intel.com/content/www/us/en/develop/documentation/get-started-with-mkl-for-dpcpp/top.html}},
  YEAR = 2022,
  note={Accessed: March 2022}
}
@misc{microsoftvswebsite,
  title={{Microsoft Visual Studio}},
  howpublished = {\url{https://visualstudio.microsoft.com}},
  YEAR = 2022,
  note={Accessed: March 2022}
}
@misc{nektardiffusionwebsite,
  title={{Nektar-diffusion proxyapp}},
  howpublished = {\url{https://github.com/ExCALIBUR-NEPTUNE/nektar-diffusion}},
  YEAR = 2021,
  note={Accessed: September 2021}
}
@misc{nektardriftwavewebsite,
  title={{Nektar++ solver for Hasegawa-Wakatani equations}},
  howpublished = {\url{https://github.com/ExCALIBUR-NEPTUNE/nektar-driftwave}},
  YEAR = 2021,
  note={Accessed: September 2021}
}
@article{OConnor21TimeIntegrator,
  title={{Time-integrator-agnostic charge-conserving finite-element PIC}},
  author={O'Connor, S. and Crawford, Z.D. and Ramachandran, O.H.},
  journal={Phys. Plasmas {\bf 28}, 09211; \url{https://doi.org/10.1063/5.0046842}},
  year={2021}
}
@article{Rapetti09Whitney,
  title={{Whitney forms of higher degree}},
  author={Rapetti, F. and Bossavit, A.},
  journal={SIAM Journal on Numerical Analysis Vol.47, Iss.3 10.1137/070705489},
  year={2009}
}
@article{Rapetti07HighOrder,
  title={{High-order edge elements on simplicial meshes}},
  author={Rapetti, F.},
  journal={ESAIM Mathematical Modelling and Numerical Analysis, {\bf 41}},
  pages={1001--1020},
  year={2007}
}
@article{Kettunen21Generalized,
  title={{Generalized finite-difference schemes with higher-order Whitney forms}},
  author={Kettunen, L. and Lohi, J. and R\"abin\"a, J. and M\"onk\"ol\"a, S. and Rossi, T.},
  journal={ESAIM Mathematical Modelling and Numerical Analysis, {\bf 55}},
  pages={1439--1460},
  year={2021}
}
@article{Rufat17Spectral,
  title={{Spectral exterior calculus and its implementation}},
  author={Rufat, D.S.},
  journal={PhD thesis, Caltech},
  year={2017}
}
@misc{fadeevalibrarywebsite,
  title={{Fadeeva library}},
  howpublished={\url{http://ab-initio.mit.edu/wiki/index.php/Fadeeva_Package}},
  note={Accessed: March 2022}
}
@book{plasmaformulary13,
  title={{NRL Plasma Formulary}},
  author={Huba, J.D.},
  publisher={US Naval Research Laboratory},
  year={2013}
}
@article{Zala21Structure,
  title={{Structure-preserving nonlinear filtering for continuous and discontinuous Galerkin spectral/$hp$ element methods}},
  author={Zala, V. and Kirby, R.M. and Narayan A.},
  journal={SIAM Journal on Scientific Computing 43 (6), A3713-A3732},
  year={2021}
}
@article{Ho86Comparison,
  title={{A comparison of simulation methods with finite-difference and finite-element methods for solving Vlasov-Poisson systems}},
  author={Ho, W.H.},
  journal={Master's thesis, Texas Tech Univ.},
  year={1986}
}
@book{stixbook,
  title={{Waves in Plasmas}},
  author={Stix, T.H.},
  publisher={American Inst. Phys.},
  year={1992}
}
@misc{wolframalphawebsite,
  title={{WolframAlpha}},
  howpublished={\url{www.wolframalpha.com}},
  note={Accessed: March 2022}
}
@misc{moxeynote1,
  title={{Private conversation}},
  author={D. Moxey},
  year={2021}
}
@misc{gaussquadraturewiki,
  title={{Gaussian quadrature wiki}},
  howpublished={\url{https://en.wikipedia.org/wiki/Gaussian\_quadrature.html}},
  note={Accessed: March 2022}
}
@article{Ro67Nonlinear,
  title={{Nonlinear evolution of a two-stream instability}},
  author={Roberts, K.V. and Berk, H.L.},
  journal={Phys. Rev. Lett. Vol. 16 No. 9, August 1967},
  pages={297--300},
  year={1967}
}
@article{Zu20Assess,
  title={{Assessment of reduced-order modeling strategies for convective heat transfer}},
  author={Zucatti, V. and Lui, H.F.S. and Pitz, D.B. and Wolf, W.R.},
  journal={Numerical Heat Transfer: Part A: Applications 77:7},
  pages={702--729},
  year={2020}
}
@misc{mitbenchmarkwebsite,
  title={{MIT Benchmark}},
  howpublished={\url{http://www.mathematik.tu-dortmund.de/~featflow/en/benchmarks/cfdbenchmarking/mit\_benchmark.html}},
  note={Accessed: March 2022}
}