@book{elmansilvesterwathen,
  title={Finite elements and fast iterative solvers: with applications in incompressible fluid dynamics},
  author={Elman, H. and Silvester, D. and Wathen, A.},
  year={2014},
  publisher={Oxford University Press}
}
@article{Ch94Effe,
  title={Effects of the computational time step on numerical solutions of turbulent flow},
  author={Choi, H. and Moin, P.},
  journal={Journal of Computational Physics},
  volume={113},
  number={1},
  pages={1--4},
  year={1994}
}
@article{Kr06Time,
  title={{Time step restrictions using semi-explicit methods for the incompressible Navier--Stokes equations}},
  author={Kress, W. and L{\"o}tstedt, P.},
  journal={Computer methods in applied mechanics and engineering},
  volume={195},
  number={33},
  pages={4433--4447},
  year={2006}
}
@article{Fr01Dire,
  title={Direct numerical simulation of incompressible turbulent flows},
  author={Friedrich, R. and H{\"u}ttl, T.J. and Manhart, M. and Wagner, C.},
  journal={Computers \& fluids},
  volume={30},
  number={5},
  pages={555--579},
  year={2001}
}
@article{Le92Comp,
  title={Compact finite difference schemes with spectral-like resolution},
  author={Lele, S.K.},
  journal={Journal of computational physics},
  volume={103},
  number={1},
  pages={16--42},
  year={1992}
}
@article{Si01Effi,
  title={Efficient preconditioning of the linearized Navier--Stokes equations for incompressible flow},
  author={Silvester, D. and Elman, H. and Kay, D. and Wathen, A.},
  journal={Journal of Computational and Applied Mathematics},
  volume={128},
  number={1},
  pages={261--279},
  year={2001}
}
@article{El02Perf,
  title={Performance and analysis of saddle point preconditioners for the discrete steady-state Navier-Stokes equations},
  author={Elman, H.C. and Silvester, D.J. and Wathen, A.J.},
  journal={Numerische Mathematik},
  volume={90},
  number={4},
  pages={665--688},
  year={2002}
}
@article{Le08Para,
  title={Paradigmatic flow for small-scale magnetohydrodynamics: Properties of the ideal case and the collision of current sheets},
  author={Lee, E. and Brachet, M.E. and Pouquet, A. and Mininni, P.D. and Rosenberg, D.},
  journal={Physical Review E},
  volume={78},
  number={6},
  pages={066401},
  year={2008}
}
@article{Ch08opti,
  title={An optimal, parallel, fully implicit Newton--Krylov solver for three-dimensional viscoresistive magnetohydrodynamicsa)},
  author={Chac{\'o}n, L.},
  journal={Physics of Plasmas},
  volume={15},
  number={5},
  pages={056103},
  year={2008}
}
@article{Te07Time,
  title={Time step sensitivity of nonlinear atmospheric models: Numerical convergence, truncation error growth, and ensemble design.},
  author={Teixeira, J. and Reynolds, C.A. and Judd, K.},
  journal={Journal of the atmospheric sciences},
  volume={64},
  number={1},
  year={2007}
}
@article{Ya10Comp,
  title={Computed chaos or numerical errors},
  author={Yao, L.-S.},
  journal={Nonlinear Analysis: Modelling and Control},
  volume={15},
  number={1},
  pages={109--126},
  year={2010}
}
@article{Mi11Effe,
  title={{Effects of time step size on the simulation of tropical climate in NCAR-CAM3}},
  author={Mishra, S.K. and Sahany, S.},
  journal={Climate dynamics},
  volume={37},
  number={3-4},
  pages={689--704},
  year={2011},
  publisher={Springer}
}
