@ARTICLE{Wa13e,
  AUTHOR = {Arter, W. and Riccardo, V. and Fishpool, G.},
  TITLE = "{Power Deposition on Tokamak Plasma-Facing Components}",
  JOURNAL="{IEEE Transactions on Plasma Science}",
  VOLUME={{Submitted}},
  YEAR =2013}

@ARTICLE{Wa13d,
  AUTHOR = {Arter, W. and Surrey, E. and King, D.B.},
  TITLE = "{The SMARDDA Approach to Ray-Tracing and Particle Tracking}",
  JOURNAL="{IEEE Transactions on Plasma Science}",
  VOLUME={{Submitted}},
  YEAR =2013}

@article{Wa13c,
  title={{Geometric Results for Compressible Magnetohydrodynamics}},
  author={Arter, W.},
  journal={arXiv preprint arXiv:1309.7172},
  year={2013}
}
@article{Wa13b,
  title={{An Anti-Perfect Dynamo Result}},
  author={Arter, W.},
  journal={Physics Letters  (submitted)},
  year={2013}
}
@article{Wa13a,
  title={{Potential Vorticity Formulation of Compressible Magnetohydrodynamics}},
  author={Arter, W.},
  journal={Physical Review Letters},
  volume={110},
  number={1},
  pages={015004},
  NOTE={DOI:10.1103/PhysRevLett.110.015004},
  year={2013}
}
@TECHREPORT{mu-rp7,
  AUTHOR = {Arter, W.},
  TITLE = "{Assessment of Power Handling of Tiles T2, T3, T4 and T5}",
  NUMBER = "{CD/MU/01255}",
  INSTITUTION={CCFE},
  YEAR = 2013
}
@TECHREPORT{mu-rp6,
  AUTHOR = {Arter, W.},
  TITLE = "{Power Deposition with New T5 Designs}",
  NUMBER = "{CD/MU/01254}",
  INSTITUTION={CCFE},
  YEAR = 2013
}
@TECHREPORT{mu-rp5,
  AUTHOR = {Arter, W.},
  TITLE = "{Power Deposition with Accurate Toroidal Field Representation}",
  NUMBER = "{CD/MU/00832}",
  INSTITUTION={CCFE},
  YEAR = 2013
}
@TECHREPORT{mu-rp4,
  AUTHOR = {Arter, W.},
  TITLE = "{Power Deposition Model}",
  NUMBER = "{CD/MU/00831}",
  INSTITUTION={CCFE},
  YEAR = 2013
}
@TECHREPORT{mu-rp3,
  AUTHOR = {Arter, W.},
  TITLE = "{Validation of 3-D fieldline tracing}",
  NUMBER = "{CD/MU/00830}",
  INSTITUTION={CCFE},
  YEAR = 2013
}
@TECHREPORT{mu-rp2,
  AUTHOR = {Arter, W.},
  TITLE = "{Modelling MAST-U Geometry in SMARDDA}",
  NUMBER = "{CD/MU/00829}",
  INSTITUTION={CCFE},
  YEAR = 2013
}
@TECHREPORT{afws-final,
  AUTHOR = {Riccardo, V. and Arter, W. and Vizvary, Z.},
  TITLE = "{Independent Assessment of ITER FW Shaping}",
  NUMBER = "{F4E\_D\_24NDFU}",
  INSTITUTION={CCFE},
  YEAR = 2012
}
@TECHREPORT{afws-rp7,
  AUTHOR = {Arter, W.},
  TITLE = "{SMARDDA Software:AFWS Specific User Manual}",
  NUMBER = "{CCFE-AFWS-RP7}",
  INSTITUTION={CCFE},
  YEAR = 2011
}
@TECHREPORT{afws-rp6,
  AUTHOR = {Arter, W.},
  TITLE = "{AFWS: Locating X-points}",
  NUMBER = "{CCFE-AFWS-RP6}",
  INSTITUTION={CCFE},
  YEAR = 2011
}
@TECHREPORT{afws-rp5,
  AUTHOR = {Arter, W.},
  TITLE = "{AFWS: Tolerance Analysis of Power Deposition}",
  NUMBER = "{CCFE-AFWS-RP5}",
  INSTITUTION={CCFE},
  YEAR = 2011
}
@TECHREPORT{afws-rp4,
  AUTHOR = {Arter, W.},
  TITLE = "{AFWS: Power deposition studies using SMARDDA}",
  NUMBER = "{CCFE-AFWS-RP4}",
  INSTITUTION={CCFE},
  YEAR = 2011
}
@TECHREPORT{afws-rp3,
  AUTHOR = {Arter, W.},
  TITLE = "{Geometry transformations in SMARDDA}",
  NUMBER = "{CCFE-AFWS-RP3}",
  INSTITUTION={CCFE},
  YEAR = 2011
}
@TECHREPORT{afws-rp2,
  AUTHOR = {Arter, W.},
  TITLE = "{AFWS: Power deposition validation studies using SMARDDA}",
  NUMBER = "{CCFE-AFWS-RP2}",
  INSTITUTION={CCFE},
  YEAR = 2011
}
@TECHREPORT{afws-rp1,
  AUTHOR = {Arter, W.},
  TITLE = "{Implementing Differential Equation Step Control in SMARDDA}",
  NUMBER = "{CCFE-AFWS-RP1}",
  INSTITUTION={CCFE},
  YEAR = 2011
}
@TECHREPORT{afws-sl2,
  AUTHOR = {Arter, W.},
  TITLE = "{ITER AFWS: PROGRESS REPORT ON SOFTWARE}",
  NUMBER = "{AFWS/MH/1300/T002}",
  INSTITUTION={CCFE},
  MONTH = {{09/09/11}},
  YEAR = 2011
}
@TECHREPORT{afws-sl1,
  AUTHOR = {Arter, W.},
  TITLE = "{ITER AFWS: JULY/AUGUST PROGRESS REPORT ON SOFTWARE}",
  NUMBER = "{AFWS/MH/1300/T001}",
  INSTITUTION={CCFE},
  MONTH = {{05/08/11}},
  YEAR = 2011
}
@TECHREPORT{afws-sl0,
  AUTHOR = {Arter, W.},
  TITLE = "{ITER AFWS: SOFTWARE DESIGN REVIEW}",
  NUMBER = "{AFWS/MH/1310/T002}",
  INSTITUTION={CCFE},
  MONTH = {{17/03/11}},
  YEAR = 2011
}
@inproceedings{Wa11c,
  title={{Ensuring Accurate Fieldline-Body Intersection}},
  author={Arter, W. and Riccardo, V. and Mattei, M. and Saibene, G.},
  booktitle={ICNSP 2011},
  editor={Lee, W.W.},
  NOTE={http://icnsp2011.pppl.gov/presentations/Oralsession\_8B/ArterW\_ICNSP2011.pdf},
  year={2011}
}

@article{Mu11Symm,
  title={{Symmetry based analysis of macroscopic instabilities in Tokamak plasmas}},
  author={Murari, A. and  Arter, W. and  Mazon, D. and Gelfusa, M. and  Ferat, V. and JET-EFDA Contributors},
  journal={Physical Review Letters},
  number={{submitted JET-EFDA PR(11)07}},
  NOTE={http://www.iop.org/Jet/fulltext/EFDP11007.pdf},
  year={2011}
}
@article{Wa11b,
  title={{A Solution to the Magnetohydrodynamic Trigger Problem}},
  author={Arter, W.},
  journal={Physical Review Letters},
  number={{submitted CCFE-R(11)13}},
  NOTE={http://www.ccfe.ac.uk/assets/Documents/CCFE-R(11)13.pdf},
  year={2011}
}
@INPROCEEDINGS{Wa11a,
  AUTHOR = {Arter, W.},
  TITLE={{Reduced MHD and Astrophysical Fluid Dynamics}},
  BOOKTITLE={IAU Symposium 271. Astrophysical Dynamics: from Stars to Galaxies},
  EDITOR={Brummell, N. and Brun, A.S. and Miesch, M.S. and Ponty, Y.},
  PAGES={355-360},
  PUBLISHER={C.U.P.},
  YEAR = 2011
}
@TECHREPORT{Kn10c,
  AUTHOR = {Knight, P. and Arter, W.},
  TITLE = "{IMPGS2 Progress Report}",
  NUMBER = "{December 2010}",
  INSTITUTION={CCFE},
  YEAR = 2010
}
@TECHREPORT{Wa10c,
  AUTHOR = {Arter, W. and Knight, P.},
  TITLE = "{Implementing Discontinuous Galerkin Schemes in GS2}",
  NUMBER = "{CCFE-R(10)11}",
  INSTITUTION={CCFE},
  YEAR = 2010
}
@TECHREPORT{Wa10rp1,
  AUTHOR = {Arter, W.},
  TITLE = "{Uncertainty Analysis for Activation Problems}",
  NUMBER = "{25403-RP-1}",
  INSTITUTION={CCFE},
  YEAR = 2010
}
@TECHREPORT{Wa10rp2,
  AUTHOR = {Arter, W.},
  TITLE = "{Algorithms for Sensitivity Analysis of Activation Problems}",
  NUMBER = "{25403-RP-2}",
  INSTITUTION={CCFE},
  YEAR = 2010
}
@TECHREPORT{Wa10b,
  AUTHOR = {Arter, W.},
  TITLE = "{Algorithms for Sensitivity Analysis of Activation Problems}",
  NUMBER = "{CCFE-R(10)10}",
  INSTITUTION={CCFE},
  YEAR = 2010
}
@ARTICLE{Wa10a,
  AUTHOR = {Arter, W.},
  TITLE= "{The Equivalence between Magnetoconvection and Reduced Magnetohydrodynamics}",
  JOURNAL="{Proceedings of the Royal Society. Series A}",
  number={{submitted CCFE-R(11)15}},
  NUMBER={},
  PAGES={},
  NOTE={http://www.ccfe.ac.uk/assets/Documents/CCFE-R(11)15.pdf},
  YEAR =2011
}
@misc{Wa10aEPAPS,
  howpublished={{See EPAPS Document No. [number will be inserted by publisher]
for detailed analysis of double tearing problem.
For more information on EPAPS, see http://www.aip.org/pubservs/epaps.html}}
}
@TECHREPORT{Wa09dshort,
  AUTHOR = {Arter, W.},
  TITLE = "{Prior Information for Nonlinear Modelling of Tokamaks}",
  NUMBER = "{UKAEA FUS 553}",
  INSTITUTION={UKAEA},
  YEAR = 2009
}

@TECHREPORT{Ha10old,
  AUTHOR = {Hammer, N.J. and Hatzky, R.},
  TITLE = "{Combining Runge-Kutta discontinuous Galerkin methods with various limiting methods}",
  NUMBER = "{446381.0}",
  NOTE="{http://edoc.mpg.de/display.epl?mode=doc\&id=446381}",
  INSTITUTION={Max-Planck Society},
  YEAR = 2010
}
@TECHREPORT{Ha10,
  AUTHOR = {Hammer, N.J. and Hatzky, R.},
  TITLE = "{Combining Runge-Kutta discontinuous Galerkin methods with various limiting methods}",
  NUMBER = "{IPP Report IPP 5/124}",
  INSTITUTION={Max-Planck Society},
  YEAR = 2010
}

@INPROCEEDINGS{Wa09f,
  AUTHOR = {King, D.B. and Arter, W.},
  TITLE= "{Particle tracking in complex geometry}",
  BOOKTITLE = "{21st International Conference on Numerical Simulation of Plasmas
(ICNSP `09)}",
  PAGES = {37--38},
  NOTE="{http://icnsp09.ist.utl.pt/code/preview.php?abs\_id=48}",
  YEAR =2009,
  PUBLISHER = {IPFN} }

@INPROCEEDINGS{Wa09e,
  AUTHOR = {Arter, W. and Barnes, M.A. and Roach, C.M. and Hammer, N.J. and Hatzky, R.},
  TITLE= "{Optimisation of the GS2 gyrokinetic software}",
  BOOKTITLE = "{21st International Conference on Numerical Simulation of Plasmas
(ICNSP `09)}",
  PAGES = {71--72},
  YEAR =2009,
  PUBLISHER = {IPFN} }

@TECHREPORT{Wa09d,
  AUTHOR = {Arter, W.},
  TITLE = "{Prior Information for Nonlinear Modelling of Tokamaks}",
  NUMBER = "{UKAEA FUS 553}",
  URL="{http://www.ccfe.ac.uk/assets/Documents/UKAEA-FUS-553FINAL.pdf}",
  INSTITUTION={UKAEA},
  YEAR = 2009
}

@ARTICLE{Wa09cshort,
  AUTHOR = {Arter, W.},
  TITLE= "{Symmetry constraints on the dynamics of magnetically confined plasma}",
  JOURNAL="{Physical Review Letters}",
  VOLUME={102},
  NUMBER=19,
  PAGES={195004},
  YEAR =2009
}
 
@ARTICLE{Wa09c,
  AUTHOR = {Arter, W.},
  TITLE= "{Symmetry constraints on the dynamics of magnetically confined plasma}",
  JOURNAL="{Physical Review Letters}",
  VOLUME={102},
  NUMBER=19,
  PAGES={195004},
  YEAR ={{15 May 2009}}
}
 
@ARTICLE{Wa09b,
  AUTHOR = {Arter, W.},
  TITLE= "{Dynamical properties of magnetic confinement models}",
  JOURNAL="{Plasma Physics and Controlled Fusion}",
  VOLUME={In preparation},
  NUMBER={},
  PAGES={-},
  YEAR ={2011}
}
 
@ARTICLE{Wa09a,
  AUTHOR = {Arter, W. and Loughlin, M.J.},
  TITLE= "{Radiation transport analyses for IFMIF design by the Attila software using a Monte-Carlo source model}",
  JOURNAL="{Fusion Engineering and Design}",VOLUME={84},NUMBER={1},PAGES={89-96},
  YEAR =2009}

@INPROCEEDINGS{Wa06,
  AUTHOR = {Arter, W. and Archer, J.M. and Brealey, N.J. and Kirby, P. and Morgan, J.G. and Shepherd, D.I.},
  TITLE= "{Comparing Computational Electromagnetics Software For Antenna Design}", 
  BOOKTITLE = "{Loughborough Antennas and Propagation Conference (LAPC2006)}",
  PAGES = {Paper 24},
  YEAR =2006,
  PUBLISHER = {Loughborough University} }

 
@INPROCEEDINGS{Wa05d,
  AUTHOR = {Arter, W. and Eastwood, J.W. and Brealey, N.J.},
  TITLE= "{Constitutive relations in the EMX software}",
  BOOKTITLE = "{Ninth International Conference on 
Electromagnetics in Advanced Applications (ICEAA `05)}",
  PAGES = {},
  YEAR =2005,
  PUBLISHER = {ICEAA} }

@INPROCEEDINGS{Wa05c,
  AUTHOR = {Arter, W. and Simkin, J.},
  TITLE= "{Comparison of schemes for computational electromagnetics}",
  BOOKTITLE = "{Ninth International Conference on 
Electromagnetics in Advanced Applications (ICEAA `05)}",
  PAGES = {},
  YEAR =2005,
  PUBLISHER = {ICEAA} }

@INPROCEEDINGS{Wa05b,
  AUTHOR = {Eastwood, J.W. and Arter, W. and Hook, M. and Brealey, N.J.},
  TITLE= "{Practical multipaction assessment using Monte-Carlo/PIC modelling}",
  BOOKTITLE = "{Sixth International Vacuum Electronics Conference IVEC 2005, Proceedings WPP~246}",
  PAGES = {103-104},
  YEAR =2005,
  PUBLISHER = {ESA} }

@INPROCEEDINGS{Wa05a, comment={ no original},
  AUTHOR = {Arter, W. and Archer, J.M. and Brealey, N.J. and Kirby, P. and Morgan, J.G. and Shepherd, D.I.},
  TITLE= "{Applicability of the CLASP software for installed antenna performance}",
  BOOKTITLE = "{Loughborough Antennas and Propagation Conference (LAPC2005)}",
  PAGES = {324-327},
  YEAR =2005,
  PUBLISHER = {Loughborough University} }

@INPROCEEDINGS{Wa04b,
  AUTHOR = {Arter, W. and Brealey, N.J. and Kirby, P. and Morgan, J.G. and Shepherd, D.I.},
  TITLE= "{Utility of the CLASP software}",
  BOOKTITLE = "{Fifth IEE International Conference on Computation
in Electromagnetics (CEM 2004)}",
  PAGES = {21-22},
  YEAR =2004,
  PUBLISHER = {IEE} }

@INPROCEEDINGS{Wa04a,
  AUTHOR = {Arter, W. and Eastwood, J.W. and Brealey, N.J.},
  TITLE= "{Fundamental features of the EMX software}",
  BOOKTITLE = "{Fifth IEE International Conference on Computation
in Electromagnetics (CEM 2004)}",
  PAGES = {189-190},
  YEAR =2004,
  PUBLISHER = {IEE} }

@INPROCEEDINGS{Wa03b,
  AUTHOR = {Arter, W. and Eastwood, J.W. and Brealey, N.J.},
  TITLE= "{Device modelling using the EMX software}",
  BOOKTITLE = "{Eighth International Conference on 
Electromagnetics in Advanced Applications (ICEAA `03)}",
  PAGES = {167-170},
  YEAR =2003,
  PUBLISHER = {ICEAA} }

@INPROCEEDINGS{Wa03,
  AUTHOR = {Arter, W. and Earl, S. and Simpson, J. and Walton, R.},
  TITLE= "{Refined analysis of antenna coupling using the INSTANT software}",
  BOOKTITLE = "{Twelfth International Conference on Antennas and Propagation (ICAP 2003)}",
  VOLUME ={1}, PAGES = {393--396},
  YEAR =2003,
  PUBLISHER = {IEE} }

@INPROCEEDINGS{Wa02c,
  AUTHOR = {Arter, W. and Eastwood, J.W. and Brealey, N.J.},
  TITLE= "{Basis Functions for the EMX Software}",
  BOOKTITLE = "{The Tenth Biennial IEEE Conference on Electromagnetic Field Computation}",
  PAGES = {310},
  YEAR =2002,
  EDITOR={E. Cardelli},
  PUBLISHER = {University of Perugia, Department of Industrial Engineering} }

@INPROCEEDINGS{Wa02b,
  AUTHOR = {Walton, R. and Arter, W. and Earl, S. and Kirby, P.  and Simpson, J.},
  TITLE= "{Effects of ray refinement within the INSTANT software when applied to large-scale abitrarily shaped perfectly conducting bodies}",
  BOOKTITLE = "{Fourth International Conference on Computation in Electromagnetics (CEM 2002)}",
  VOLUME ={}, PAGES = "{Paper 3, Session 4}",
  YEAR =2002,
  NOTE = "{Obtainable from IEE as Conference Publication 02/063}",
  PUBLISHER = {IEE} }

@INPROCEEDINGS{Wa02a,
  AUTHOR = {Arter, W. and Kirby, P. and Earl, S. and Smith, J.K.R. and Walton, R. and Simpson, J.L.},
  TITLE= "{Refined analysis of antenna interactions using the INSTANT software}",
  BOOKTITLE = "{Journ\'{e}es Europ\'{e}ennes sur les M\'{e}thodes Num\'{e}riques en Electromagn\'{e}tisme (JEE 02)}", VOLUME ={}, PAGES = {289--290},
  EDITOR = {Michielsen, B. and Decavele, F.},
  YEAR =2002,
  PUBLISHER = {ONERA} }

@ARTICLE{Wa02,
  AUTHOR = {Arter, W. and Eastwood, J.W. and Brealey, N.J.},
  TITLE= "{A Parallel Elliptic Solver for the EMX Software}",
  JOURNAL="{Computer Physics Communications}",VOLUME={144},PAGES={23-28},
  YEAR =2002}
 
@INPROCEEDINGS{Wa01a, comment={ no original},
  AUTHOR = {Arter, W. and Eastwood, J.W. and Brealey, N.J.},
  TITLE= "{A Parallel Elliptic Solver for the EMX Software}",
  BOOKTITLE = "{COMPUMAG 13th Conference on the Computation of Electromagnetic Fields}",
  PAGES = {II, 80--81}, NOTE = "{Paper PC3-5}",
  YEAR =2001,
  EDITOR={A. Nicolas},
  PUBLISHER = {Centre de Genie Electrique de Lyon} }

@INPROCEEDINGS{Wa01,
  AUTHOR = {Arter, W. and Kirby, P. and Smith, J.K.R. and Simpson, J.L.},
  TITLE= "{Analysis of antenna interactions using the INSTANT software}",
  BOOKTITLE = "{Eleventh International Conference on Antennas and Propagation (ICAP 2001)}",
  VOLUME ={2}, PAGES = {736--740},
  YEAR =2001,
  PUBLISHER = {IEE} }

@INPROCEEDINGS{Wa00c, comment={ no original},
  AUTHOR={Eastwood, J.W. and Brealey, N.J. and Arter, W. and Bond, R.A.},
  TITLE={PIC software for vacuum electronic device design}, 
  BOOKTITLE= "{Abstracts, International Vacuum Electronics Conference 2000}",
  NOTE = "{Paper 19.3}",
  YEAR =2000,
  EDITOR = {IEEE Electron Devices Society} }


@INPROCEEDINGS{Wa00b, comment={ no original},
  AUTHOR = {Eastwood, J.W. and Arter, W.},
  TITLE = "{3DPIC simulation of relativistic magnetrons}",
  BOOKTITLE= "{Abstracts, International Vacuum Electronics Conference 2000}",
  YEAR =2000,
  EDITOR = {IEEE Electron Devices Society} }
 
@INPROCEEDINGS{Wa00a, comment={ no original},
  AUTHOR = {Arter, W. and Eastwood, J.W.},
  TITLE = "{Parametric studies of relativistic magnetrons}",
  BOOKTITLE= "{Book of Abstracts, EUROEM 2000}",
  PAGES = {6}, NOTE = "{Abstract 1.5}",
  YEAR =2000,
  EDITOR={Conference Secretariat, EUROEM 2000},
  PUBLISHER = {Concorde Services Ltd, Glasgow} }
 
@ARTICLE{Wa98,
  AUTHOR = {Arter, W. and Eastwood, J.W.},
  TITLE = "{Characterization of relativistic magnetron behavior by 3-D
PIC simulation}",
  JOURNAL="{IEEE Transactions on Plasma Science}",VOLUME={26},NUMBER={3},PAGES={714-725},
  YEAR =1998}

@INPROCEEDINGS{Wa97,
  AUTHOR={Arter, W. and Eastwood, J.}, 
  TITLE={The modelling of relativistic magnetrons}, 
  BOOKTITLE={IEE Colloquium on High Frequency Simulation: Part Two (Digest No: 1997/374) },  
  PAGES = {3/1-3/4},EDITOR={IEE},
  YEAR =1997,
  PUBLISHER = {IEE},ADDRESS={London} }


@INPROCEEDINGS{Wa96a, comment={},
  AUTHOR = {Eastwood, J.W. and Arter, W. and Brealey, N.J. and Hockney, R.W.},
  TITLE = "{Body-fitted PIC software for electromagnetic problems: The
time domain code PIC3D}",
  BOOKTITLE= "{Third International Conference on Computation in Electromagnetics}",
  PAGES = {26-31},EDITOR={IEE},
  YEAR =1996,
  PUBLISHER = {IEE},ADDRESS={London} }


@INPROCEEDINGS{Wa96b, comment={},
  AUTHOR = {Arter, W. and Eastwood, J.W.  and Brealey, N.J. and Hockney, R.W.},
  TITLE = "{ Body-fitted PIC software for electromagnetic problems: The
preprocessing program PEGGIE}",
  BOOKTITLE= "{Third International Conference on Computation in Electromagnetics}",
  PAGES = {271-276},EDITOR={IEE},
  YEAR =1996,
  PUBLISHER = {IEE},ADDRESS={London} }
 

 
@ARTICLE{Wa95d,
  AUTHOR = {Eastwood, J.W. and Arter, W. and Brealey, N.J. and Hockney, R.W.},
  TITLE = "{Body-fitted electromagnetic PIC software for use on parallel computers}",
  JOURNAL="{Computer Physics Communications}",VOLUME={87},PAGES={155-178},
  YEAR =1995}
 
  
@ARTICLE{Wa95c, comment={},
  AUTHOR = {Arter, W. and Eastwood, J.W.},
  TITLE = "{Particle-mesh schemes for advection dominated flows}",
  JOURNAL = "{Journal of Computational Physics}",
  VOLUME={117},
  PAGES={194-204},
  YEAR =1995}
  
@ARTICLE{Wa95b, comment={},
  AUTHOR = {Arter, W.},
  TITLE = "{Three-dimensional modelling of drift-wave turbulence}",
  JOURNAL="{Computer Physics Communications}",
  VOLUME={88},
  PAGES={59-75},
  YEAR =1995}
 
@ARTICLE{Wa95a,
  TITLE="{Numerical simulation of magnetic fusion plasmas}",
  AUTHOR={Arter, W.},
  JOURNAL="{Reports on Progress in Physics}",VOLUME={58},PAGES={1-59},
  YEAR = 1995}
 

@INPROCEEDINGS{Wa94a,
  AUTHOR = {Eastwood, J.W. and Arter, W. and Brealey, N.J. and Hockney, R.W.},
  TITLE = "{Body-fitted PIC software for microwave device modelling}",
  BOOKTITLE= "{Electromagnetic Environments and Consequences}",
  PAGES = { 1009-1016},
  YEAR =1994,
  EDITOR={Serafin, D.J. and Dupouy, D.P. and Bolomey, J.C.},
  PUBLISHER = {EUROEM} }


@INPROCEEDINGS{Wa94b,
  AUTHOR = {Arter, W. and Eastwood, J.W.  and Brealey, N.J. and Hockney, R.W.},
  TITLE = "{ Electromagnetic modelling in arbitrary geometry by PIC methods on MIMD computers}",
  BOOKTITLE= "{Proceedings of 6th Joint EPS-APS Intl. Conf. on the Physics of Computing PC '94}",
  PAGES = {297-300},EDITOR={Gruber, R. and Tomassini, M.},
  YEAR =1994,
  PUBLISHER = {EPS},ADDRESS={Geneva} }

@ARTICLE{Wa94c, comment={},
  TITLE="{Particle-mesh modelling of drift-wave turbulence}",
  AUTHOR={Arter, W.},
  JOURNAL="{Computer Physics Communications}",VOLUME={79},PAGES={381-408},
  YEAR = 1994}

@TECHREPORT{Wa93a, comment={},
  AUTHOR = {Eastwood, J.W. and Hockney, R.W. and Arter, W.},
  TITLE = "{General geometry PIC for MIMD computers }",
  BOOKTITLE = "{http://www.dtic.mil/dtic/tr/fulltext/u2/a269085.pdf}",
  YEAR =1993,
  NOTE="{http://www.dtic.mil/cgi-bin/GetTRDoc?AD=ADA359937}",
  INSTITUTION = {AEA Technology} }
    
@INPROCEEDINGS{Wa93, comment={},
  AUTHOR = {Eastwood, J.W. and Hockney, R.W. and Arter, W.},
  TITLE = "{General geometry PIC for MIMD computers }",
  BOOKTITLE = "{IEEE International Conference on Plasma Science}", 
  PAGES={167},
  YEAR =1993,
  PUBLISHER = {IEEE} }
    
@INPROCEEDINGS{Wa92a, comment={},
  AUTHOR = {Eastwood, J.W. and Arter, W.},
  TITLE = "{Electromagnetic PIC modelling in arbitrary geometry}",
  BOOKTITLE = "{8th Annual Review of Progress in Applied Computational Electromagnetics}",PAGES={583-590},
  YEAR =1992,
  PUBLISHER = { Applied Computational Electromagnetics Society} }
  
@INPROCEEDINGS{Wa91c, comment={},
  AUTHOR = {Arter, W. and Eastwood, J.W.},
  TITLE = "{Discretising reactive boundary conditions for Maxwell's equations}",
  PAGES = {719-721},
  BOOKTITLE = "{Mathematical and Numerical Aspects of Wave Propagation Phenomena}",
  EDITOR={Cohen, G. and Halpern, L. and Joly, P. },
  PUBLISHER={S.I.A.M.},
  YEAR = 1991}
 
@INPROCEEDINGS{Wa91b, comment={},
  AUTHOR = {Thyagaraja, A. and Arter, W. and Haas, F.A.},
  TITLE = "{Issues in direct numerical simulation of plasma turbulence and transport}",
  PAGES = {70-73},
  BOOKTITLE = "{Proceedings of  2nd Intl. Toki Conf. on Plasma Physics and Controlled Nuclear Fusion}",
  EDITOR={Sato, T.},
  PUBLISHER={Natl. Inst. for Fusion Sci., Nagoya },
  YEAR = 1991}

@ARTICLE{Wa91a,
  AUTHOR = {Arter, W.},
  TITLE = "{The use of upwind schemes at high Reynolds number - a cautionary note}",
  JOURNAL="{Computer Physics Communications}",
  VOLUME = { 66},
  PAGES = {207-210},
  YEAR = 1991}

@INPROCEEDINGS{Wa90,
  AUTHOR = {Arter, W.},
  TITLE = "{Topological magnetoconvection}",
  PAGES = {669-678},
  BOOKTITLE = "{Topological Fluid Mechanics}",
  EDITOR={Moffatt, H.K. and Tsinober, A. },
  PUBLISHER={Cambridge },
  YEAR = 1990}

@INPROCEEDINGS{Wa89a, comment={},
  AUTHOR = {Arter, W. and Fletcher, D.F. and Selden, A.C.},
  TITLE = "{Simulating flow in a glow discharge laser}",
  PAGES = {577-587},
  BOOKTITLE = "{Numerical Methods in Laminar and Turbulent Flow Vol. 6}",
  EDITOR={Taylor, C. and Gresho, P. and Sani, R.L. and Hauser, J. } ,
  PUBLISHER={Pineridge Press },
  YEAR = 1989}

@ARTICLE{Wa88c,
  AUTHOR = {Arter, W.},
  TITLE = "{Phenomenological modelling of Mirnov oscillations}",
  JOURNAL="{Physics of Fluids}",
  VOLUME = { 31},
  NUMBER={7},
  PAGES = {2051-2053},
  YEAR = 1988}

@ARTICLE{Wa88b,
  AUTHOR = {Arter, W. and Newell, A.C.},
  TITLE = "{Numerical simulation of Rayleigh-Benard convection in shallow tanks}",
  JOURNAL="{Physics of Fluids}",
  VOLUME = { 31},
  PAGES = {2474-2485},
  YEAR = 1988}

@BOOK{Wa88a,
  AUTHOR = {Arter, W. and Fletcher, D.F. and Selden, A.C.},
  TITLE = "{Flow simulations for a glow discharge laser, CLM-R288}",
  PUBLISHER={ H.M.S.O. },
  YEAR = 1988}

@BOOK{Wa87f,
  AUTHOR = {Arter, W. and Edwards, D.N.},
  TITLE = "{Application of some novel methods of time series analysis to tokamak data, CLM-R269}",
  PUBLISHER={ H.M.S.O. },
  YEAR = 1987}

@ARTICLE{Wa87e,
  AUTHOR = {Arter, W. and Eastwood, J.W.},
  TITLE = "{The effect of aliasing error upon numerical solutions of the hydrodynamic and magnetohydrodynamic equations}",
  JOURNAL="{Transport Theory and Statistical Physics}",
  VOLUME = { 16},
  PAGES = {433-446},
  YEAR = 1987}

@ARTICLE{Wa87d,
  AUTHOR = {Arter, W.},
  TITLE = "{Local models of magnetohydrodynamics}",
  JOURNAL = "{Physics Letters}",
  VOLUME = { 122A},
  PAGES = {253-256},
  YEAR = 1987}

@ARTICLE{Wa87c,
  AUTHOR = {Eastwood, J.W. and Arter, W.},
  TITLE = "{Spurious behaviour of numerically computed fluid flow}",
  JOURNAL="{I.M.A. Journal of Numerical Analysis}",
  VOLUME = { 7},
  PAGES = {205-222},
  YEAR = 1987}

@ARTICLE{Wa87b,
  AUTHOR = {Eastwood, J.W. and Arter, W.},
  TITLE = "{Reduced MHD modelling of tearing mode interactions in tokamaks}",
  JOURNAL="{Physics of Fluids}",
  VOLUME = { 30},
  PAGES = {2774-2783},
  YEAR = 1987}

@ARTICLE{Wa87a,
  AUTHOR = {Arter, W. and Bernoff, A. and Newell, A.C.},
  TITLE = "{Wavenumber selection of convection rolls in a box}",
  JOURNAL="{Physics of Fluids}",
  VOLUME = { 30},
  PAGES = {3840-3842},
  YEAR = 1987}

@ARTICLE{Wa86d, comment={},
  AUTHOR = {Arter, W. and Edwards, D.N.},
  TITLE = "{Nonlinear studies of Mirnov oscillations in the DITE tokamak: evidence for a strange attractor}",
  JOURNAL = "{Physics Letters}",
  VOLUME = { 114A},
  PAGES = {84-89},
  YEAR = 1986}

@INPROCEEDINGS{Wa86c,
  AUTHOR = {Eastwood, J.W. and Arter, W.},
  TITLE = "{EPIC - beyond the ultimate difference scheme}",
  PAGES = {581-593},
  BOOKTITLE = "{Numerical Methods for Fluid Dynamics II}",
  EDITOR={Morton, K.W. and Baines, M.J. },
  PUBLISHER={O.U.P. },
  YEAR = 1986}

@INPROCEEDINGS{Wa86b,
  AUTHOR = {Eastwood, J.W. and Arter, W.},
  TITLE = "{Nonlinear computational instabilities in magnetohydrodynamics}",
  PAGES = {71-74},
  BOOKTITLE = "{Proceedings of  8th Europhysics Conf. on Computational Physics Computing in Plasma Physics}",
  PUBLISHER={European Physical Society },
  YEAR = 1986}

@ARTICLE{Wa86a,
  AUTHOR = {Eastwood, J.W. and Arter, W.},
  TITLE = "{Interpretation of disruptions in tokamak simulations}",
  JOURNAL="{Physical Review Letters}",
  VOLUME = { 57},
  PAGES = {2528-2531},
  YEAR = 1986}

@ARTICLE{Wa85c, comment={},
  AUTHOR = {Arter, W.},
  TITLE = "{Nonlinear Rayleigh-Benard convection with square planform}",
  JOURNAL="{Journal of Fluid Mechanics}",
  VOLUME = {152},
  PAGES = {391-418},
  YEAR = 1985}

@ARTICLE{Wa85b, comment={},
  AUTHOR = {Arter, W.},
  TITLE = "{Magnetic flux transport by a convecting layer including dynamical effects}",
  JOURNAL={Geophysical \& Astrophysical Fluid Dynamics},
  VOLUME = { 31},
  PAGES = {311-344},
  YEAR = 1985}

@INPROCEEDINGS{Wa85a, comment={},
  AUTHOR = {Arter, W. and Edwards, D.N.},
  TITLE = "{Dimensionality and MHD mode coupling studies of DITE}",
  PAGES = {442-445},
  BOOKTITLE = "{Proceedings of  12th European Conf. Controlled Fusion and Plasma Physics, Vol. II}",
  PUBLISHER={European Physical Society },
  YEAR = 1985}

@INPROCEEDINGS{Wa83d, comment={},
  AUTHOR = {Arter, W.},
  TITLE = "{Topological magnetic flux pumping revisited}",
  PAGES = {243-246},
  BOOKTITLE = "{Solar and Stellar Magnetic Fields: Origins and Coronal Effects}",
  EDITOR={Stenflo, J.O. },
  PUBLISHER={Reidel },
  YEAR = 1983}

@ARTICLE{Wa83c,
  AUTHOR = {Arter, W.},
  TITLE = "{Nonlinear convection in an imposed horizontal magnetic field}",
  JOURNAL={Geophysical \& Astrophysical Fluid Dynamics},
  VOLUME = { 25},
  PAGES = {259-292},
  YEAR = 1983}

@ARTICLE{Wa83b, comment={},
  AUTHOR = {Arter, W.},
  TITLE = "{Magnetic flux transport by a convecting layer - topological, geometrical and compressible phenomena}",
  JOURNAL="{Journal of Fluid Mechanics}",
  VOLUME = { 132},
  PAGES = {25-48},
  YEAR = 1983}

@ARTICLE{Wa83a, comment={},
  AUTHOR = {Arter, W.},
  TITLE = "{Ergodic streamlines in three-dimensional convection}",
  JOURNAL = "{Physics Letters}",
  VOLUME = { 97A},
  PAGES = {171-174},
  YEAR = 1983}

@ARTICLE{Wa82, comment={},
  AUTHOR = {Arter, W. and Galloway, D.J.  and Proctor, M.R.E.},
  TITLE = "{New results on the mechanism of magnetic flux pumping by three-dimensional convection}",
  JOURNAL="{Monthly Notices of the  Royal Astronomical Society}",
  VOLUME = { 201},
  PAGES = {57P-61P},
  YEAR = 1982}

@PHDTHESIS{Waphd,
  AUTHOR = {Arter, W.},
  TITLE="{Convective motions in an imposed horizontal magnetic field}",
  SCHOOL="{University of Cambridge}",
  YEAR=1983}
