@phdthesis{benmoshe,
  title={{Geometric Facility Location Optimization}},
  school={{Ben-Gurion University of the Negev}},
  author={Ben-Moshe, B.},
  note={{http://aranne5.lib.ad.bgu.ac.il/others/Ben-MosheBoaz.pdf}},
  year={2005}
}
@article{Be08Appr,
  title={Approximating the Visible Region of a Point on a Terrain},
  author={Ben-Moshe, B. and Carmi, P. and Katz, M.J.},
  journal={GeoInformatica},
  volume={12},
  number={1},
  pages={21--36},
  year={2008}
}

@article{Ra12Opti,
  title={{Optimal path planning of mobile robots: A review}},
  author={Raja, P. and Pugazhenthi, S.},
  journal={International Journal of Physical Sciences},
  volume={7},
  number={9},
  pages={1314--1320},
  year={2012}
}
@article{Nu12Visi,
  title={Visibility algorithms: A short review},
  author={Nu{\~n}ez, A.M. and Lacasa, L. and Gomez, J.P. and Luque, B.},
  journal={New Frontiers in Graph Theory},
  pages={119--152},
  year={2012}
}
@article{Si09Towa,
  title={{Towards a definition of higher order constrained Delaunay triangulations}},
  author={Silveira, R.I. and Van Kreveld, M.},
  journal={Computational Geometry},
  volume={42},
  number={4},
  pages={322--337},
  year={2009}
}
@article{Pr91Adap,
  title = {Adaptive cell division for ray tracing.},
  author = {Pradhan, B.S.S. and Mukhopadhyay, A.},
  journal = {Computers and Graphics},
  pages = {549-552},
  volume = 15,
  number = 4,
  year = 1991
}

@book{watt,
  title={{Fundamentals of three-dimensional computer graphics}},
  author={Watt, A.H.},
  year={1990},
  publisher={Addison-Wesley Longman}
}
@inbook{vtkusers,
  title={{The VTK User's guide}},
  author={{www.vtk.org}},
  publisher={{Kitware Inc., http://www.kitware.com}},
  chapter={{File formats for VTK version 4.2}},
  year={2006},
  note={http://www.vtk.org/VTK/img/file-formats.pdf}
}
@article{Sh93Sepa,
  title={{Separation for boundary to CSG conversion}},
  author={Shapiro, V. and Vossler, D.L.},
  journal={ACM Transactions on Graphics (TOG)},
  volume={12},
  number={1},
  pages={35--55},
  year={1993}
}

@incollection{Ho97Soli,
  editor={Goodman, J.E. and O'Rourke, J.},
  booktitle={{Handbook of Discrete and Computational Geometry 1st edition}},
  title={{Solid Modeling}},
  author={Hoffmann, CM},
  year={1997},
  publisher={CRC Press LLC, Boca Raton, FL},
  chapter={47},pages={863--880},
  note={Chapter 56 in 2nd edition}
}

@incollection{Ro97Visi,
  editor={Goodman, J.E. and O'Rourke, J.},
  booktitle={{Handbook of Discrete and Computational Geometry 1st edition}},
  title={{Visibility}},
  author={O'Rourke, J.},
  year={1997},
  publisher={CRC Press LLC, Boca Raton, FL},
  chapter={25},pages={467--479},
  note={Chapter 28 in 2nd edition}
}

@book{rogersadams,
  title={{Mathematical elements for computer graphics}},
  author={Rogers, DF and Adams, JA},
  year={1989},
  publisher={McGraw-Hill, Inc. New York, NY, USA}
}

@book{farin,
  title={{Curves and surfaces for computer aided geometric design}},
  author={Farin, G.},
  year={{1990, 5th Edition 2002}},
  publisher={Academic Press Professional, Inc. San Diego, CA, USA}
}

@book{wattsq,
  title={{Advanced animation and rendering techniques}},
  author={Watt, A. and Watt, M.},
  year={1991},
  publisher={ACM Press New York, NY, USA}
}
@techreport{Ha94BCSG,
  title={{BCSG-1.0:A Practical Implementation of Boundary to CSG Conversion}},
  institution={CORNELL PROGRAMMABLE AUTOMATION Cornell University},
  address={Ithaca, New York 14853},
  number={CPA93-3},  
  author={Hartquist, E.E.},
  year={1994}
}

@techreport{ITERPID,
  title={{Projection Integration Document PID}},
  institution={ITER Organisation},
  number={ITER\_D\_2234RH Version 3.0 26/1/2007},  
  author={How, J.},
  year={2007}
}

@phdthesis{Me08Stud,
  title={{A Study of L-H Transitions in the JET Fusion Experiment}},
  school={JET},
  author={Meakins, A.},
  year={2008}
}

@incollection{Ca96Impr,
  title={{Improving Bezier Clipping and Chebyshev Boxing for Ray Tracing Parametric Surfaces}},
  author={{Campagna, S. and Slusallek, P.}}, 
  editor={{Girod, B. and Niemann, H. and Seidel, H.P.}},
  booktitle={3D Image Analysis and Synthesis' 96},
  pages={95--102},
  year={1996},
  publisher={infix}
}
@inproceedings{Ef05Robu,
  title={{Robust and Numerically Stable Bezier Clipping Method for Ray Tracing NURBS Surfaces}},
  author={Efremov, A. and Havran, V. and Seidel, H.P. and Juettler, B.},
  booktitle={21st Spring Conference on Computer Graphics (SCCG 2005)},
  pages={123--131},
  year={2005},
  publisher={ACM}
}

@inproceedings{Ro00Tria,
  title={{Triangular B{\'e}zier Clipping}},
  author={Roth, S.H.M. and Diezi, P. and Gross, M.H.},
  booktitle={Proceedings of the 8th Pacific Conference on Computer Graphics and Applications},
  year={2000},
  publisher={IEEE Computer Society Washington, DC, USA}
}
@article{Mo02Fast,
  title={{Fast 3D triangle-box overlap testing}},
  author={Akenine-M{\"o}ller, T.},
  journal={Journal of Graphics Tools},
  volume={6},
  number={1},
  pages={29--33},
  year={2001}
}
@article{Mo97Fast,
  title={{Fast, Minimum Storage Ray-Triangle Intersection}},
  author={M{\"o}ller, T. and Trumbore, B.},
  journal={Journal of graphics tools},
  volume={2},
  pages={21--28},
  year=1997
}
@incollection{Ba90Effi,
  title={{An efficient ray-polygon intersection}},
  author={Badouel, D.},
  booktitle={Graphics Gems},
  editor={Glassner, A.S.},
  pages={390--393},
  year={1990},
  publisher={Academic Press Professional, Inc. San Diego, CA, USA}
}
@article{Fu86Arts,
  title={{Arts: Accelerated ray-tracing system}},
  author={Fujimoto, A. and Tanaka, T. and Iwata, K.},
  journal={IEEE Computer Graphics and Applications},
  volume={6},
  number={4},
  pages={16--26},
  year={1986}
}
@incollection{Wo90Fast,
  title={{Fast ray-box intersection}},
  author={Woo, A.},
  booktitle={Graphics Gems},
  editor={Glassner, A.S.},
  pages={395--396},
  year={1990},
  publisher={Academic Press Professional, Inc. San Diego, CA, USA}
}
@incollection{Gr95Fast,
  title={{Fast Polygon-Cube Intersection Testing}},
  author={Green, D. and Hatch, D.},
  booktitle={Graphics Gems V},
  editor={Paeth, A.},
  pages={375--379},
  publisher={Academic Press Professional, Inc. San Diego, CA, USA},
  year={1995}
}
@incollection{Vo92Tria,
  title={{Triangle-cube intersection}},
  author={Voorhies, D.},
  booktitle={Graphics Gems III},
  editor={Kirk, D.},
  pages={236--239},
  year={1992},
  publisher={Academic Press Professional, Inc. San Diego, CA, USA}
}
@incollection{Wu92Line,
  title={{A linear-time simple bounding volume algorithm}},
  author={Wu, X.},
  booktitle={Graphics Gems III},
  editor={Kirk, D.},
  pages={301--306},
  year={1992},
  publisher={Academic Press Professional, Inc. San Diego, CA, USA}
}
@article{To85Rayt,
  title={{On ray tracing parametric surfaces}},
  author={Toth, D.L.},
  journal={ACM SIGGRAPH Computer Graphics},
  volume={19},
  number={3},
  pages={171--179},
  year={1985},
}

@article{Ni90Rayt,
  title={{Ray tracing trimmed rational surface patches}},
  author={Nishita, T. and Sederberg, T.W. and Kakimoto, M.},
  journal={ACM SIGGRAPH Computer Graphics},
  volume={24},
  number={4},
  pages={337--345},
  year={1990},
}

@article{Ma00Pract,
  title={{Practical Ray Tracing of Trimmed NURBS Surfaces}},
  author={Martin, W. and Cohen, E. and Fish, R. and Shirley, P.},
  journal={journal of graphics tools},
  volume={5},
  pages={27--52},
  year={2000}
}
@inproceedings{Ab06Dire,
  title={{Direct and Fast Ray Tracing of NURBS Surfaces}},
  author={Abert, O. and Geimer, M. and M{\"u}ller, S.},
  booktitle={Proceedings of IEEE Symposium on Interactive Ray Tracing},
  pages={161--168},
  year={2006}
}
@inproceedings{Ge05Inte,
  title={{Interactive Ray Tracing of Trimmed Bicubic Bezier Surfaces without Triangulation}},
  author={Geimer, M. and Abert, O.},
  booktitle={WSCG 2005 conference proceedings WSCG'2005, Plzen, Czech Republic},
  year={2005}
}
@techreport{brlcad1,
  title={{BRL-CAD Tutorial Series: Volume I--Overview and Installation}},
  author={Butler, L.A. and Edwards, E.W.},
  number={ARL-SR-113},
  year=2002,
  institution={Army Research Laboratory, Aberdeen Proving Ground}
}
@article{Ar06Cost,
  title={{Cost prediction for ray shooting in octrees}},
  author={Aronov, B. and Br{\"o}nnimann, H. and Chang, A.Y. and Chiang, Y.J.},
  journal={Computational Geometry: Theory and Applications},
  volume={34},
  number={3},
  pages={159--181},
  year={2006},
  publisher={Elsevier}
}
@phdthesis{chang04,
  title={{Theoretical and experimental aspects of ray shooting}},
  author={Chang, AY},
  school={Polytechnic University, Brooklyn},
  year={2004}
}
@techreport{chang,
  title={{A survey of geometric data structures for ray tracing}},
  author={Chang, A.Y.},
  institution={Computer Science Dept., Polytechnic University, Brooklyn},
  report={TR-CIS-2001-06},
  year={2001}
}
@article{Ba96Boxt,
  title={{BOXTREE: A Hierarchical Representation for Surfaces in 3 D}},
  author={Barequet, G. and Chazelle, B. and Guibas, L.J. and Mitchell, J.S.B. and Tal, A.},
  journal={Computer Graphics Forum},
  volume={15},
  number={3},
  pages={387--396},
  year={1996},
  publisher={Blackwell Synergy}
}
@article{Co94Prox,
  title={{Proximity clouds - an acceleration technique for 3D grid traversal}},
  author={Cohen, D. and Sheffer, Z.},
  journal={The Visual Computer},
  volume={11},
  number={1},
  pages={27--38},
  year={1994}
}
@article{Hs92Acce,
  title={{Accelerating ARTS}},
  author={Hsiung, P.K. and Thibadeau, R.},
  journal={The Visual Computer},
  volume={8},
  number={3},
  pages={181--190},
  year={1992}
}
@inproceedings{Kn06Surv,
 title={{A Survey of Octree Volume Rendering Methods}},
  author={Knoll, A.},
  booktitle={{GI Lecture Notes in Informatics, 
Proceedings of 1st Annual IRTG Workshop, June 14-16 2006, Dagstuhl, Germany}},
  year={2006}
}
@article{Da92Meth,
  title={{Methods of choosing sample rays in ray-tracing computations}},
  author={Davies, P.A.},
  journal={Applied Optics},
  volume={31},
  number={34},
  pages={7277--82},
  year={1992}
}
@inproceedings{Ke96Fast,
  title={{The fast calculation of form factors using low discrepancy sequences}},
  author={Keller, A.},
  booktitle={Proc. Spring Conference on Computer Graphics (SCCG'96)},
  pages={195--204},
  year={1996}
}

