@article{Re03Adap,
  title={{An adaptive discontinuous Galerkin technique with an orthogonal basis applied to compressible flow problems}},
  author={Remacle, J.F. and Flaherty, J.E. and Shephard, M.S.},
  journal={SIAM review},
  volume={45},
  number={1},
  pages={53--72},
  year={2003}
}
@article{Ad02Post1,
  title={{A posteriori error estimation for discontinuous Galerkin solutions of hyperbolic problems}},
  author={Adjerid, S. and Devine, K.D. and Flaherty, J.E. and Krivodonova, L.},
  journal={Computer methods in applied mechanics and engineering},
  volume={191},
  number={11-12},
  pages={1097--1112},
  year={2002}
}
@article{Bi94Para,
  title={{Parallel, adaptive finite element methods for conservation laws}},
  author={Biswas, R. and Devine, K.D. and Flaherty, J.E.},
  journal={Applied Numerical Mathematics},
  volume={14},
  number={1},
  pages={255--284},
  year={1994}
}
@article{Ve09Spac,
  title={{Space-time discontinuous Galerkin finite element methods}},
  author={Van Der Vegt, J.J.W.},
  journal={LECTURE SERIES-VON KARMAN INSTITUTE FOR FLUID DYNAMICS},
  volume={1},
  pages={3},
  note={http://wwwhome.math.utwente.nl/~vegtjjw/Space\_Time\_DG\_Intro.pdf},
  year={2006}
}
@article{Yo89Spac,
  title={{Space-time discontinuous finite element approximations for multi-dimensional nonlinear hyperbolic systems}},
  author={Bar-Yoseph, P.},
  journal={Computational Mechanics},
  volume={5},
  number={2},
  pages={145--160},
  year={1989}
}
