@article{Ro11Turb,
  author={E. Rosenblum and P. Garaud and A. Traxler and S. Stellmach},
  title={Turbulent Mixing and Layer Formation in Double-diffusive Convection: Three-dimensional Numerical Simulations and Theory},
  journal={The Astrophysical Journal},
  volume={731},
  number={1},
  pages={66},
  year={2011},
}
@article{Tr11Dyna,
author = {Traxler, A. and Stellmach, S. and Garaud, P. and Radko, T. and Brummell, N.}, 
title = {Dynamics of fingering convection. Part 1 Small-scale fluxes and large-scale instabilities},
journal = {Journal of Fluid Mechanics},
volume = {677},
number = { },
pages = {530-553},
year = {2011},
}
article{burke2007homoclinic,
  title={Homoclinic snaking: Structure and stability},
  author={Burke, J. and Knobloch, E.},
  journal={Chaos: An Interdisciplinary Journal of Nonlinear Science},
  volume={17},
  pages={037102},
  year={2007}
}
	
