@article{Ca72Mont,
  title={{MONTE CARLO SAMPLING WITH CONTINUOUSLY VARYING CROSS SECTIONS ALONG FLIGHT PATHS.}},
  author={Carter, LL and Cashwell, ED and Taylor, WM},
  journal={Nucl. Sci. Eng},
  volume={48},
  number={4},
  pages={403-411},
  year={1972}
}
@inproceedings{Br03Dire,
  title={{Direct Sampling of Monte Carlo Flight Paths in Media with Continuously Varying Cross-sections}},
  author={Brown, F.B. and Martin, W.R.},
  booktitle={ANS Mathematics and Computation Topical Meeting, Gatlinburg, TN, April},
  pages={6--11},
  year={2003}
}
@phdthesis{leppanen,
  title={{Development of a New Monte Carlo Reactor Physics Code}},
  author={Lepp{\"a}nen, J.},
   institution={Helsinki University of Technology (Espoo, Finland) },
  year={2007}
}
@inproceedings{Br04Cont,
  title={{Continuously Varying Material Properties and Tallies for Monte Carlo Calculations}},
  author={Brown, F.B. and Griesheimer, DP and Martin, W.R.},
  booktitle={Physor 2004, Chicago, Il},
  year={2004}
}

@phdthesis{shorey,
  title={{Stochastic Simulations for the Detection of Objects in 
  Three Dimensional Volumes: Applications in Medical Imaging and Ocean Acoustics}},
  author={Shorey, J.M.},
    institution={Department of Electrical and Computer Engineering Duke University},
  year={2007}
}
@article{griesheimer2006cpm,
  title={{Convergence properties of Monte Carlo functional expansion tallies}},
  author={Griesheimer, D.P. and Martin, W.R. and Holloway, J.P.},
  journal={Journal of Computational Physics},
  volume={211},
  number={1},
  pages={129--153},
  year={2006},
  publisher={Elsevier}
}
@book{niederreiter,
  title={{Random Number Generation and Quasi-Monte Carlo Methods}},
  author={Niederreiter, H.},
  year={1992},
  publisher={Society for Industrial Mathematics}
}
@article{Ja96RANL,
  title={{RANLUX: a Fortran implementation of the high-quality pseudorandom number generator of Luscher}},
  author={James, F.},
  journal={Computer Physics Communications},
  volume={97},
  number={3},
  pages={357--357},
  year={1996}
}
@article{Br94Prog,
  title={{Programs to generate Niederreiter's low-discrepancy sequences}},
  author={Bratley, P. and Fox, B.L. and Niederreiter, H.},
  journal={ACM Transactions on Mathematical Software (TOMS)},
  volume={20},
  number={4},
  pages={494--495},
  year={1994}
}

@book{kaloswhitlock,
  title={{Monte Carlo Methods. Vol. 1: basics}},
  author={Kalos, M.H. and Whitlock, P.A.},
  year={1986},
  publisher={Wiley-Interscience New York, NY, USA}
}
