
@inproceedings{Te09Asym,
  title={{Asymmetry Effects in Viscoresistive Magnetic Reconnection}},
  author={Tebaldi, C. and Grasso, D. and  Hastie, R.J.},
  year={2009},
  editor={Greco, A.M. and Rionero, S. and Ruggeri, T.},
  publisher={World Scientific, New Jersey},
  booktitle={{Proceedings "WASCOM 2009":
15th Conference on Waves and Stability in Continuous Media}}
}
@article{garci­a2008propagation,
  title={{Propagation of statistical and nuclear data uncertainties in Monte Carlo burn-up calculations}},
  author={Garc{\'\i}a-Herranz, N. and Cabellos, O. and Sanz, J. and Juan, J. and Kuijper, J.C.},
  journal={Annals of Nuclear Energy},
  volume={35},
  number={4},
  pages={714--730},
  issn={0306-4549},
  year={2008},
  publisher={Elsevier}
}
@article{haeck2007optimum,
  title={{An optimum approach to Monte Carlo burnup}},
  author={Haeck, W. and Verboomen, B.},
  journal={Nuclear science and engineering},
  volume={156},
  number={2},
  pages={180--196},
  issn={0029-5639},
  year={2007},
  publisher={American Nuclear Society}
}

@book{xiu,
  title={{Numerical Methods for Stochastic Computations: A Spectral Method Approach}},
  author={Xiu, D.},
  year={2010},
  publisher={Princeton University Press}
}
@article{morris1991factorial,
  title={{Factorial sampling plans for preliminary computational experiments}},
  author={Morris, M.D.},
  journal={Technometrics},
  volume={33},
  number={2},
  pages={161--174},
  issn={0040-1706},
  year={1991},
  publisher={JSTOR}
}
@techreport{He06Surv,
  title={{Survey of Sampling-Based Methods for Uncertainty and Sensitivity Analysis}},
  author={Helton, JC and Johnson, JD and Sallaberry, CJ and Storlie, CB},
  institution={SANDIA National Laboratory},
  year={2006}, 
  number={SAND2006-2901}
}
@article{Mc1979Comp,
  title={{A comparison of three methods for selecting values of input variables in the analysis of output from a computer code}},
  author={McKay, M.D. and Beckman, RJ and Conover, WJ},
  journal={Technometrics},
  volume={42},
  number={1},
  pages={55--61},
  issn={0040-1706},
  year={1979}
}
@article{saltelli1999quantitative,
  title={{A quantitative model-independent method for global sensitivity analysis of model output}},
  author={Saltelli, A. and Tarantola, S. and Chan, K.P.S.},
  journal={Technometrics},
  volume={41},
  number={1},
  pages={39--56},
  issn={0040-1706},
  year={1999},
  publisher={JSTOR}
}
@article{cukier1973study,
  title={{Study of the sensitivity of coupled reaction systems to uncertainties in rate coefficients. I Theory}},
  author={Cukier, RI and Fortuin, CM and Shuler, K.E. and Petschek, AG and Schaibly, JH},
  journal={The Journal of Chemical Physics},
  volume={59},
  pages={3873},
  year={1973}
}
@article{schaibly1973study,
  title={{Study of the sensitivity of coupled reaction systems to uncertainties in rate coefficients. II Applications}},
  author={Schaibly, J.H. and Shuler, K.E.},
  journal={The Journal of Chemical Physics},
  volume={59},
  pages={3879},
  year={1973}
}

@article{cukier1975study,
  title={{Study of the sensitivity of coupled reaction systems to uncertainties in rate coefficients. III. Analysis of the approximations}},
  author={Cukier, RI and Schaibly, JH and Shuler, K.E.},
  journal={The Journal of Chemical Physics},
  volume={63},
  pages={1140},
  year={1975}
}


@inproceedings{serban2005cvodes,
  title={{CVODES: The Sensitivity-Enabled ODE Solver in SUNDIALS}},
  author={Serban, R. and Hindmarsh, A.C.},
  year={2005},
  organization={ASME},
  booktitle={{Proceedings of IDETC/CIE 2005,
 International Design Engineering Technical Conferences \&
Computers and Information in Engineering Conference}}
}
@article{hindmarsh2005sundials,
  title={{SUNDIALS: Suite of nonlinear and differential/algebraic equation solvers}},
  author={Hindmarsh, A.C. and Brown, P.N. and Grant, K.E. and Lee, S.L. and Serban, R. and Shumaker, D.E. and Woodward, C.S.},
  journal={ACM Transactions on Mathematical Software (TOMS)},
  volume={31},
  number={3},
  pages={363--396},
  issn={0098-3500},
  year={2005},
  publisher={ACM}
}
@article{lin2009sensitivity,
  title={{Sensitivity analysis and stochastic simulations of non-equilibrium plasma flow}},
  author={Lin, G. and Karniadakis, GE},
  journal={International Journal for Numerical Methods in Engineering},
  volume={80},
  number={6-7},
  pages={738--766},
  issn={1097-0207},
  year={2009},
  publisher={John Wiley \& Sons}
}

@article{saltelli2002making,
  title={{Making best use of model evaluations to compute sensitivity indices}},
  author={Saltelli, A.},
  journal={Computer Physics Communications},
  volume={145},
  number={2},
  pages={280--297},
  issn={0010-4655},
  year={2002},
  publisher={Elsevier}
}

@article{dimov2010studying,
  title={{Studying the sensitivity of the pollutants concentrations caused by variations of chemical rates}},
  author={Dimov, I. and Georgieva, R. and Ivanovska, S. and Ostromsky, T. and Zlatev, Z.},
  journal={Journal of Computational and Applied Mathematics},
  issn={0377-0427},
  year={2010},
  publisher={Elsevier}
}
@article{sobol2001global,
  title={{Global sensitivity indices for nonlinear mathematical models and their Monte Carlo estimates}},
  author={Sobol, I.M.},
  journal={Mathematics and Computers in Simulation},
  volume={55},
  number={1-3},
  pages={271--280},
  issn={0378-4754},
  year={2001},
  publisher={Elsevier}
}
@article{sandu2003direct,
  title={{Direct and adjoint sensitivity analysis of chemical kinetic systems with KPP: Part I--theory and software tools}},
  author={Sandu, A. and Daescu, D.N. and Carmichael, G.R.},
  journal={Atmospheric Environment},
  volume={37},
  number={36},
  pages={5083--5096},
  issn={1352-2310},
  year={2003},
  publisher={Elsevier}
}
@article{sandu2006technical,
  title={{Technical note: Simulating chemical systems in Fortran90 and Matlab with the Kinetic PreProcessor KPP-2.1}},
  author={Sandu, A. and Sander, R.},
  journal={Atmos. Chem. Phys},
  volume={6},
  pages={187--195},
  year={2006},
  publisher={Citeseer}
}
@article{daescu2003direct,
  title={{Direct and adjoint sensitivity analysis of chemical kinetic systems with KPP: II--numerical validation and applications}},
  author={Daescu, D.N. and Sandu, A. and Carmichael, G.R.},
  journal={Atmospheric Environment},
  volume={37},
  number={36},
  pages={5097--5114},
  issn={1352-2310},
  year={2003},
  publisher={Elsevier}
}


@article{Fo08Tota,
  title={{Total activity increase as a function of time during radioactive decay}},
  author={Forrest, R.A.},
  journal={Fusion Engineering and Design},
  volume={83},
  number={1},
  pages={96--101},
  year={2008}
}

@article{Ro10Asse,
  title={{Assessing atmospheric predictability on Mars using numerical weather prediction and data assimilation}},
  author={Rogberg, P. and Read, P.L. and Lewis, S.R. and Montabone, L.},
  journal={Quarterly Journal of the Royal Meteorological Society},
  volume={136},
  number={651},
  pages={1614--1635},
  year={2010}
  note={{Also: Third International Workshop on The Mars Atmosphere: Modeling and Observations, 10-13 Nov 2008, Williamsburg, Virginia.}}
}
@conference{Ma09Tran,
  title={{Transient teleconnection event at the onset of a planet-encircling dust storm on Mars}},
  author={Mart{\'\i}nez-Alvarado, O. and Montabone, L. and Lewis, SR and Moroz, IM and Read, PL},
  booktitle={Annales Geophysicae},
  volume={27},
  pages={3663--3676},
  year={2009}
}
@article{Yo08Bree,
  title={{Breeding and predictability in the baroclinic rotating annulus using a perfect model}},
  author={Young, RMB and Read, PL},
  journal={Nonlinear Processes in Geophysics},
  volume={15},
  pages={469--487},
  year={2008}
}

@article{Ho10ense,
  title={{An ensemble Kalman filter data assimilation system for the martian atmosphere: Implementation and simulation experiments}},
  author={Hoffman, M.J. and Greybush, S.J. and Wilson, R.J. and Gyarmati, G. and Hoffman, R.N. and Kalnay, E. and Ide, K. and Kostelich, E.J. and Miyoshi, T. and Szunyogh, I.},
  journal={Icarus},
  volume={209},
  pages={470--481},
  year={2010
}

@article{Io04Comp,
  title={{A comparative review of sensitivity and uncertainty analysis of large-scale systems. I: Deterministic methods}},
  author={Ionescu-Bujor, M. and Cacuci, D.G.},
  journal={Nuclear Science and Engineering},
  volume={147},
  number={3},
  pages={189--203},
  year={2004},
  publisher={American Nuclear Society}
}
@article{Ca04Comp,
  title={{A comparative review of Sensitivity and uncertainty analysis of large-scale systems. II: Statistical methods}},
  author={Cacuci, D.G. and Ionescu-Bujor, M.},
  journal={Nuclear Science and Engineering},
  volume={147},
  number={3},
  pages={204--217},
  year={2004},
  publisher={American Nuclear Society}
}

@phdthesis{lui,
  title={{Runge-Kutta Discontinuous Galerkin Method for the Boltzmann Equation}},
  author={Lui, H.M.},
  year={2006},
  school={Massachusetts Institute of Technology},
  type={Master's Thesis},
  note={http://hdl.handle.net/1721.1/39215}
}

