@article{Mu11Symm,
  title={{Symmetry based analysis of macroscopic instabilities in Tokamak plasmas}},
  author={Murari, A. and  Arter, W. and  Mazon, D. and Gelfusa, M. and  Ferat, V. and JET-EFDA Contributors},
  journal={Physical Review Letters},
  number={{submitted JET-EFDA PR(11)07}},
  year={2011}
}
@article{Wa11b,
  title={{A Solution to the Magnetohydrodynamic Trigger Problem}},
  author={Arter, W.},
  journal={Physical Review Letters},
  number={{submitted CCFE-R(11)13}},
  year={2011}
}
@INPROCEEDINGS{Wa11a,
  AUTHOR = {Arter, W.},
  TITLE={{Reduced MHD and Astrophysical Fluid Dynamics}},
  BOOKTITLE={IAU Symposium 271. Astrophysical Dynamics: from Stars to Galaxies},
  EDITOR={Brummell, N. and Brun, A.S. and Miesch, M.S. and Ponty, Y.},
  PAGES={355-360},
  PUBLISHER={C.U.P.},
  YEAR = 2011
}
@ARTICLE{Wa10a,
  AUTHOR = {Arter, W.},
  TITLE= "{The Equivalence between Magnetoconvection and Reduced Magnetohydrodynamics}",
  JOURNAL="{Proceedings of the Royal Society. Series A}",
  VOLUME={Submitted},
  NUMBER={},
  PAGES={},
  YEAR =2011
}
@ARTICLE{Wa09cshort,
  AUTHOR = {Arter, W.},
  TITLE= "{Symmetry Constraints on the Dynamics of Magnetically Confined Plasma}",
  JOURNAL="{Physical Review Letters}",
  VOLUME={102},
  NUMBER=19,
  PAGES={195004},
  YEAR =2009
}
 
@ARTICLE{Wa09c,
  AUTHOR = {Arter, W.},
  TITLE= "{Symmetry Constraints on the Dynamics of Magnetically Confined Plasma}",
  JOURNAL="{Physical Review Letters}",
  VOLUME={102},
  NUMBER=19,
  PAGES={195004},
  YEAR ={{15 May 2009}}
}
 
@ARTICLE{Wa09a,
  AUTHOR = {Arter, W. and Loughlin, M.J.},
  TITLE= "{Radiation transport analyses for IFMIF design by the Attila software using a Monte-Carlo source model}",
  JOURNAL="{Fusion Engineering and Design}",VOLUME={84},NUMBER={1},PAGES={89-96},
  YEAR =2009}

@INPROCEEDINGS{Wa06,
  AUTHOR = {Arter, W. and Archer, J.M. and Brealey, N.J. and Kirby, P. and Morgan, J.G. and Shepherd, D.I.},
  TITLE= "{Comparing Computational Electromagnetics Software For Antenna Design}", 
  BOOKTITLE = "{Loughborough Antennas and Propagation Conference (LAPC2006)}",
  PAGES = {Paper 24},
  YEAR =2006,
  PUBLISHER = {Loughborough University} }

 
@INPROCEEDINGS{Wa05d,
  AUTHOR = {Arter, W. and Eastwood, J.W. and Brealey, N.J.},
  TITLE= "{Constitutive relations in the EMX software}",
  BOOKTITLE = "{Ninth International Conference on 
Electromagnetics in Advanced Applications (ICEAA `05)}",
  PAGES = {},
  YEAR =2005,
  PUBLISHER = {ICEAA} }

@INPROCEEDINGS{Wa05c,
  AUTHOR = {Arter, W. and Simkin, J.},
  TITLE= "{Comparison of schemes for computational electromagnetics}",
  BOOKTITLE = "{Ninth International Conference on 
Electromagnetics in Advanced Applications (ICEAA `05)}",
  PAGES = {},
  YEAR =2005,
  PUBLISHER = {ICEAA} }

@INPROCEEDINGS{Wa05b,
  AUTHOR = {Eastwood, J.W. and Arter, W. and Hook, M. and Brealey, N.J.},
  TITLE= "{Practical multipaction assessment using Monte-Carlo/PIC modelling}",
  BOOKTITLE = "{Sixth International Vacuum Electronics Conference IVEC 2005, Proceedings WPP~246}",
  PAGES = {103-104},
  YEAR =2005,
  PUBLISHER = {ESA} }

@INPROCEEDINGS{Wa04b,
  AUTHOR = {Arter, W. and Brealey, N.J. and Kirby, P. and Morgan, J.G. and Shepherd, D.I.},
  TITLE= "{Utility of the CLASP software}",
  BOOKTITLE = "{Fifth IEE International Conference on Computation
in Electromagnetics (CEM 2004)}",
  PAGES = {21-22},
  YEAR =2004,
  PUBLISHER = {IEE} }

@INPROCEEDINGS{Wa04a,
  AUTHOR = {Arter, W. and Eastwood, J.W. and Brealey, N.J.},
  TITLE= "{Fundamental features of the EMX software}",
  BOOKTITLE = "{Fifth IEE International Conference on Computation
in Electromagnetics (CEM 2004)}",
  PAGES = {189-190},
  YEAR =2004,
  PUBLISHER = {IEE} }

@INPROCEEDINGS{Wa03b,
  AUTHOR = {Arter, W. and Eastwood, J.W. and Brealey, N.J.},
  TITLE= "{Device modelling using the EMX software}",
  BOOKTITLE = "{Eighth International Conference on 
Electromagnetics in Advanced Applications (ICEAA `03)}",
  PAGES = {167-170},
  YEAR =2003,
  PUBLISHER = {ICEAA} }

@INPROCEEDINGS{Wa03,
  AUTHOR = {Arter, W. and Earl, S. and Simpson, J. and Walton, R.},
  TITLE= "{Refined analysis of antenna coupling using the INSTANT software}",
  BOOKTITLE = "{Twelfth International Conference on Antennas and Propagation (ICAP 2003)}",
  VOLUME ={1}, PAGES = {393--396},
  YEAR =2003,
  doi={10.1049/cp:20030095},
  PUBLISHER = {IEE} }

@INPROCEEDINGS{Wa02b,
  AUTHOR = {Walton, R. and Arter, W. and Earl, S. and Kirby, P.  and Simpson, J.},
  TITLE= "{Effects of ray refinement within the INSTANT software when applied to large-scale abitrarily shaped perfectly conducting bodies}",
  BOOKTITLE = "{Fourth International Conference on Computation in Electromagnetics (CEM 2002)}",
  VOLUME ={}, PAGES = "{Paper 3, Session 4}",
  YEAR =2002,
  doi={10.1049/ic:20020176},
  NOTE = "{Obtainable from IEE as Conference Publication 02/063}",
  PUBLISHER = {IEE} }

@INPROCEEDINGS{Wa02a,
  AUTHOR = {Arter, W. and Kirby, P. and Earl, S. and Smith, J.K.R. and Walton, R. and Simpson, J.L.},
  TITLE= "{Refined analysis of antenna interactions using the INSTANT software}",
  BOOKTITLE = "{Journ\'{e}es Europ\'{e}ennes sur les M\'{e}thodes Num\'{e}riques en Electromagn\'{e}tisme (JEE 02)}", VOLUME ={}, PAGES = {289--290},
  EDITOR = {Michielsen, B. and Decavele, F.},
  YEAR =2002,
  PUBLISHER = {ONERA} }

@ARTICLE{Wa02,
  AUTHOR = {Arter, W. and Eastwood, J.W. and Brealey, N.J.},
  TITLE= "{A Parallel Elliptic Solver for the EMX Software}",
  JOURNAL="{Computer Physics Communications}",VOLUME={144},PAGES={23-28},
  YEAR =2002}
 
@INPROCEEDINGS{Wa01,
  AUTHOR = {Arter, W. and Kirby, P. and Smith, J.K.R. and Simpson, J.L.},
  TITLE= "{Analysis of antenna interactions using the INSTANT software}",
  BOOKTITLE = "{Eleventh International Conference on Antennas and Propagation (ICAP 2001)}",
  VOLUME ={2}, PAGES = {736--740},
  YEAR =2001,
  doi={10.1049/cp:20010389},
  PUBLISHER = {IEE} }

@INPROCEEDINGS{Wa00c, comment={ no original},
  AUTHOR={Eastwood, J.W. and Brealey, N.J. and Arter, W. and Bond, R.A.},
  TITLE={PIC software for vacuum electronic device design}, 
  BOOKTITLE= "{Abstracts, International Vacuum Electronics Conference 2000}",
  NOTE = "{Paper 19.3}",
  YEAR =2000,
  doi={10.1109/OVE:EC.2000.847474},
  EDITOR = {IEEE Electron Devices Society} }


@INPROCEEDINGS{Wa00b, comment={ no original},
  AUTHOR = {Eastwood, J.W. and Arter, W.},
  TITLE = "{3DPIC simulation of relativistic magnetrons}",
  BOOKTITLE= "{Abstracts, International Vacuum Electronics Conference 2000}",
  YEAR =2000,
  doi={10.1109/OVE:EC.2000.847550},
  EDITOR = {IEEE Electron Devices Society} }
 
@ARTICLE{Wa98,
  AUTHOR = {Arter, W. and Eastwood, J.W.},
  TITLE = "{Characterization of relativistic magnetron behavior by 3-D
PIC simulation}",
  JOURNAL="{IEEE Transactions on Plasma Science}",VOLUME={26},NUMBER={3},PAGES={714-725},
  YEAR =1998}

@INPROCEEDINGS{Wa97,
  AUTHOR={Arter, W. and Eastwood, J.}, 
  TITLE={The modelling of relativistic magnetrons}, 
  BOOKTITLE={IEE Colloquium on High Frequency Simulation: Part Two (Digest No: 1997/374) },  
  PAGES = {3/1-3/4},EDITOR={IEE},
  YEAR =1997,
  doi={10.1049/ic:19971260}
  PUBLISHER = {IEE},ADDRESS={London} }


@INPROCEEDINGS{Wa96a, comment={},
  AUTHOR = {Eastwood, J.W. and Arter, W. and Brealey, N.J. and Hockney, R.W.},
  TITLE = "{Body-fitted PIC software for electromagnetic problems: The
time domain code PIC3D}",
  BOOKTITLE= "{Third International Conference on Computation in Electromagnetics}",
  PAGES = {26-31},EDITOR={IEE},
  YEAR =1996,
  PUBLISHER = {IEE},ADDRESS={London} }


@INPROCEEDINGS{Wa96b, comment={10.1049/cp:19960197},
  AUTHOR = {Arter, W. and Eastwood, J.W.  and Brealey, N.J. and Hockney, R.W.},
  TITLE = "{ Body-fitted PIC software for electromagnetic problems: The
preprocessing program PEGGIE}",
  BOOKTITLE= "{Third International Conference on Computation in Electromagnetics}",
  PAGES = {271-276},EDITOR={IEE},
  YEAR =1996,
  PUBLISHER = {IEE},ADDRESS={London} }
 

 
@ARTICLE{Wa95d,
  AUTHOR = {Eastwood, J.W. and Arter, W. and Brealey, N.J. and Hockney, R.W.},
  TITLE = "{Body-fitted electromagnetic PIC software for use on parallel computers}",
  JOURNAL="{Computer Physics Communications}",VOLUME={87},PAGES={155-178},
  YEAR =1995}
 
  
@ARTICLE{Wa95c, comment={},
  AUTHOR = {Arter, W. and Eastwood, J.W.},
  TITLE = "{Particle-mesh schemes for advection dominated flows}",
  JOURNAL = "{Journal of Computational Physics}",
  VOLUME={117},
  PAGES={194-204},
  YEAR =1995}
  
@ARTICLE{Wa95b, comment={},
  AUTHOR = {Arter, W.},
  TITLE = "{Three-dimensional modelling of drift-wave turbulence}",
  JOURNAL="{Computer Physics Communications}",
  VOLUME={88},
  PAGES={59-75},
  YEAR =1995}
 
@ARTICLE{Wa95a,
  TITLE="{Numerical simulation of magnetic fusion plasmas}",
  AUTHOR={Arter, W.},
  JOURNAL="{Reports on Progress in Physics}",VOLUME={58},PAGES={1-59},
  YEAR = 1995}
 

@INPROCEEDINGS{Wa94b,
  AUTHOR = {Arter, W. and Eastwood, J.W.  and Brealey, N.J. and Hockney, R.W.},
  TITLE = "{ Electromagnetic modelling in arbitrary geometry by PIC methods on MIMD computers}",
  BOOKTITLE= "{Proceedings of 6th Joint EPS-APS Intl. Conf. on the Physics of Computing PC '94}",
  PAGES = {297-300},EDITOR={Gruber, R. and Tomassini, M.},
  YEAR =1994,
  PUBLISHER = {EPS},ADDRESS={Geneva} }

@ARTICLE{Wa94c, comment={},
  TITLE="{Particle-mesh modelling of drift-wave turbulence}",
  AUTHOR={Arter, W.},
  JOURNAL="{Computer Physics Communications}",VOLUME={79},PAGES={381-408},
  YEAR = 1994}

@INPROCEEDINGS{Wa93, comment={10.1109/PLASMA.1993.593470},
  AUTHOR = {Eastwood, J.W. and Hockney, R.W. and Arter, W.},
  TITLE = "{General geometry PIC for MIMD computers }",
  BOOKTITLE = "{IEEE International Conference on Plasma Science}", 
  PAGES={167},
  YEAR =1993,
  PUBLISHER = {IEEE} }
    
@INPROCEEDINGS{Wa92a, comment={},
  AUTHOR = {Eastwood, J.W. and Arter, W.},
  TITLE = "{Electromagnetic PIC modelling in arbitrary geometry}",
  BOOKTITLE = "{8th Annual Review of Progress in Applied Computational Electromagnetics}",PAGES={583-590},
  YEAR =1992,
  PUBLISHER = { Applied Computational Electromagnetics Society} }
  
@INPROCEEDINGS{Wa91c, comment={},
  AUTHOR = {Arter, W. and Eastwood, J.W.},
  TITLE = "{Discretising reactive boundary conditions for Maxwell's equations}",
  PAGES = {719-721},
  BOOKTITLE = "{Mathematical and Numerical Aspects of Wave Propagation Phenomena}",
  EDITOR={Cohen, G. and Halpern, L. and Joly, P. },
  PUBLISHER={S.I.A.M.},
  YEAR = 1991}
 
@ARTICLE{Wa91a,
  AUTHOR = {Arter, W.},
  TITLE = "{The use of upwind schemes at high Reynolds number - a cautionary note}",
  JOURNAL="{Computer Physics Communications}",
  VOLUME = { 66},
  PAGES = {207-210},
  YEAR = 1991}

@INPROCEEDINGS{Wa90,
  AUTHOR = {Arter, W.},
  TITLE = "{Topological magnetoconvection}",
  PAGES = {669-678},
  BOOKTITLE = "{Topological Fluid Mechanics}",
  EDITOR={Moffatt, H.K. and Tsinober, A. },
  PUBLISHER={Cambridge },
  YEAR = 1990}

@ARTICLE{Wa88c,
  AUTHOR = {Arter, W.},
  TITLE = "{Phenomenological modelling of Mirnov oscillations}",
  JOURNAL="{Physics of Fluids}",
  VOLUME = { 31},
  NUMBER={7},
  PAGES = {2051-2053},
  YEAR = 1988}

@ARTICLE{Wa88b,
  AUTHOR = {Arter, W. and Newell, A.C.},
  TITLE = "{Numerical simulation of Rayleigh-Benard convection in shallow tanks}",
  JOURNAL="{Physics of Fluids}",
  VOLUME = { 31},
  PAGES = {2474-2485},
  YEAR = 1988}

@ARTICLE{Wa87e,
  AUTHOR = {Arter, W. and Eastwood, J.W.},
  TITLE = "{The effect of aliasing error upon numerical solutions of the hydrodynamic and magnetohydrodynamic equations}",
  JOURNAL="{Transport Theory and Statistical Physics}",
  VOLUME = { 16},
  PAGES = {433-446},
  YEAR = 1987}

@ARTICLE{Wa87d,
  AUTHOR = {Arter, W.},
  TITLE = "{Local models of magnetohydrodynamics}",
  JOURNAL = "{Physics Letters}",
  VOLUME = { 122A},
  PAGES = {253-256},
  YEAR = 1987}

@ARTICLE{Wa87c,
  AUTHOR = {Eastwood, J.W. and Arter, W.},
  TITLE = "{Spurious behaviour of numerically computed fluid flow}",
  JOURNAL="{I.M.A. Journal of Numerical Analysis}",
  VOLUME = { 7},
  PAGES = {205-222},
  YEAR = 1987}

@ARTICLE{Wa87b,
  AUTHOR = {Eastwood, J.W. and Arter, W.},
  TITLE = "{Reduced MHD modelling of tearing mode interactions in tokamaks}",
  JOURNAL="{Physics of Fluids}",
  VOLUME = { 30},
  PAGES = {2774-2783},
  YEAR = 1987}

@ARTICLE{Wa87a,
  AUTHOR = {Arter, W. and Bernoff, A. and Newell, A.C.},
  TITLE = "{Wavenumber selection of convection rolls in a box}",
  JOURNAL="{Physics of Fluids}",
  VOLUME = { 30},
  PAGES = {3840-3842},
  YEAR = 1987}

@ARTICLE{Wa86d, comment={},
  AUTHOR = {Arter, W. and Edwards, D.N.},
  TITLE = "{Nonlinear studies of Mirnov oscillations in the DITE tokamak: evidence for a strange attractor}",
  JOURNAL = "{Physics Letters}",
  VOLUME = { 114A},
  PAGES = {84-89},
  YEAR = 1986}

@INPROCEEDINGS{Wa86c,
  AUTHOR = {Eastwood, J.W. and Arter, W.},
  TITLE = "{EPIC - beyond the ultimate difference scheme}",
  PAGES = {581-593},
  BOOKTITLE = "{Numerical Methods for Fluid Dynamics II}",
  EDITOR={Morton, K.W. and Baines, M.J. },
  PUBLISHER={O.U.P. },
  YEAR = 1986}

@ARTICLE{Wa86a,
  AUTHOR = {Eastwood, J.W. and Arter, W.},
  TITLE = "{Interpretation of disruptions in tokamak simulations}",
  JOURNAL="{Physical Review Letters}",
  VOLUME = { 57},
  PAGES = {2528-2531},
  YEAR = 1986}

@ARTICLE{Wa85c, comment={},
  AUTHOR = {Arter, W.},
  TITLE = "{Nonlinear Rayleigh-Benard convection with square planform}",
  JOURNAL="{Journal of Fluid Mechanics}",
  VOLUME = {152},
  PAGES = {391-418},
  YEAR = 1985}

@ARTICLE{Wa85b, comment={},
  AUTHOR = {Arter, W.},
  TITLE = "{Magnetic flux transport by a convecting layer including dynamical effects}",
  JOURNAL={Geophysical \& Astrophysical Fluid Dynamics},
  VOLUME = { 31},
  PAGES = {311-344},
  YEAR = 1985}

@ARTICLE{Wa83c,
  AUTHOR = {Arter, W.},
  TITLE = "{Nonlinear convection in an imposed horizontal magnetic field}",
  JOURNAL={Geophysical \& Astrophysical Fluid Dynamics},
  VOLUME = { 25},
  PAGES = {259-292},
  YEAR = 1983}

@ARTICLE{Wa83b, comment={},
  AUTHOR = {Arter, W.},
  TITLE = "{Magnetic flux transport by a convecting layer - topological, geometrical and compressible phenomena}",
  JOURNAL="{Journal of Fluid Mechanics}",
  VOLUME = { 132},
  PAGES = {25-48},
  YEAR = 1983}

@ARTICLE{Wa83a, comment={},
  AUTHOR = {Arter, W.},
  TITLE = "{Ergodic streamlines in three-dimensional convection}",
  JOURNAL = "{Physics Letters}",
  VOLUME = { 97A},
  PAGES = {171-174},
  YEAR = 1983}

@ARTICLE{Wa82, comment={},
  AUTHOR = {Arter, W. and Galloway, D.J.  and Proctor, M.R.E.},
  TITLE = "{New results on the mechanism of magnetic flux pumping by three-dimensional convection}",
  JOURNAL="{Monthly Notices of the  Royal Astronomical Society}",
  VOLUME = { 201},
  PAGES = {57P-61P},
  YEAR = 1982}
