@TECHREPORT{Sc21XPoi,
  AUTHOR = {Scannell, R.},
  TITLE = "{X-Point Thomson Scattering N2 Tiles - Shape and Requirements}",
  NUMBER = "{MAST-U WO 10679-1000}",
  INSTITUTION={CCFE},
  YEAR = 2021
}
@article{Vi20Euro,
  title={{European DEMO first wall shaping and limiters design and analysis status}},
  author={Vizvary, Z. and Arter, W. and Bachmann, C. and Barrett, T.R. and Chuilon, B. and Cooper, P. and Flynn, E. and Firdaouss, M. and Franke, T. and Gerardin, J. and Gowland, R. and Kovari, M. and Maviglia, F. and Richiusa, M.L. and Rosa Adame, E.V. and Vorpahl, C. and Wilde, A. and Xue, Y.},
  journal={Fusion Engineering and Design},
  volume={158},
  pages={111676},
  year={2020},
  note={\url{https:// doi.org/10.1016/j.fusengdes.2020.111676} }
}
@article{Ri20Bare,
  title={{Bare and limiter DEMO single module segment concept first Wall misalignment study by 3D field line tracing}},
  author={Richiusa, M.L. and Arter, W. and Calleja, D. and Firdaouss, M. and Gerardin, J. and Kovari, M. and Maviglia, F. and Vizvary, Z.},
  journal={Fusion Engineering and Design},
  volume={160},
  pages={111839},
  year={2020}
}
@TECHREPORT{pmi19,
  AUTHOR = {Arter, W.},
  TITLE = "{Report on evaluations of 3D Heat load calculations with SMARDDA}",
  NUMBER = "{EFDA\_D\_2MYYHV}",
  NOTE = "{\url{https://idm.euro-fusion.org/?uid=2MYYHV}}",
  INSTITUTION={Eurofusion},
  YEAR = 2020
}
@TECHREPORT{pmi18,
  AUTHOR = {Arter, W.},
  TITLE = "{Report on evaluations of 3D Heat load calculations with SMARDDA: use in software for reactor design}",
  NUMBER = "{EFDA\_D\_2P3SVM}",
  NOTE = "{\url{https://idm.euro-fusion.org/?uid=2P3SVM}}",
  INSTITUTION={Eurofusion},
  YEAR = 2019
}
@TECHREPORT{bb18,
  AUTHOR = {Arter, W.  and Vizvary, Z. and Calleja, D.},
  TITLE = "{SMARDDA analysis of FW/Limiter loads in 2018}",
  NUMBER = "{EFDA\_D\_2NX6LP}",
  NOTE = "{\url{https://idm.euro-fusion.org/?uid=2NX6LP}}",
  INSTITUTION={Eurofusion},
  YEAR = 2019
}
@article{Ge19Simp,
  title={{Simplified heat load modeling for design of DEMO discrete limiter}},
  author={Gerardin, J. and Firdaouss, M. and Maviglia, F. and Arter, W. and Barrett, T. and Kovari, M.},
  journal={Nuclear Materials and Energy},
  volume={20},
  pages={{100568 (5 pages)}},
  note={\url{https://doi.org/10.1016/j.nme.2019.01.002}},
  year={2019}
}
@techreport{Wa19,
  comment = {{To be posted after obtaining Eurofusion clearance}},
  title={{Optimising Fieldline Following Software}},
  author={Arter, W. and Calleja, D. and Leggate, H. and Richiusa, L.},
  NUMBER = "{UKAEA-CCFE-RE(19)04}",
  INSTITUTION={CCFE},
  YEAR = 2019,
  NOTE = {\url{https://scientific-publications.ukaea.uk/reports/UKAEA-CCFE-RE(19)04.pdf} to appear}
}
@article{Tu19Ions,
  title="{Ion source backplate loading due to backstreaming electrons and the
arc discharge in the JET EP2 neutral beam injectors}",
  author={{I. Turner, R. McAdams, W. Arter, A. Ash, M. Barnard, D. {\'C}iri{\'c}, I. Day, D. Keeling, D. King, C.
Lane, M. Nicassio, T. Robinson, A. Shepherd and J. Zacks}},
  journal={Fusion Engineering and Design},
  volume={148},
  pages={111273},
  note={\url{https://doi.org/10.1016/j.fusengdes.2019.111273}},
  year={2019}
}
@article{Vi19DEMO,
  title={{DEMO first wall misalignment study}},
  author={Vizvary, Z. and Arter, W. and Barrett, T.R. and Calleja, D. and Firdaouss, M. and Gerardin, J. and Kovari, M. and Maviglia, F. and Richiusa, M.L.},
  journal={Fusion Engineering and Design},
  volume="{146 Part B}",
  pages={2577--2580},
  year={2019},
  note={\url{https://doi.org/10.1016/j.fusengdes.2019.04.046}}
}
@article{Ko19SMIT,
  title={{SMITER: A field-line tracing environment for ITER}},
  author={Kos, L. and Pitts, R.A. and Simi{\v{c}}, G. and Brank, M. and Anand, H. and Arter, W.},
  journal={Fusion Engineering and Design},
  volume="{146 Part B}",
  pages={1796--1800},
  year={2019},
  note={\url{https://doi.org/10.1016/j.fusengdes.2019.03.037}},
  publisher={Elsevier}
}
@article{Ma18Wall,
  title={Wall protection strategies for DEMO plasma transients},
  author={Maviglia, F. and Albanese, R. and Ambrosino, R. and Arter, W. and Bachmann, C. and Barrett, T. and Federici, G. and Firdaous, M. and Gerardin, J. and Kovari, M. and others},
  journal={Fusion Engineering and Design},
  volume={136},
  pages={410--414},
  year={2018}
}
@inproceedings{Ig18Adva,
  title={{Advances in predictive thermo-mechanical modelling for the JET divertor experimental interpretation, improved protection, and reliable operation}},
  author={Iglesias, D. and Arter, W. and Balboa, I. and Bunting, P. and Challis, C.D. and Coenen, J.W. and Corre, Y. and Esquembri, S. and Jachmich, S. and Krieger, K. and others},
  booktitle={27th IAEA Fusion Energy Conference (FEC 2018)},
  year={2018}
}
@TECHREPORT{Ar18Reac-ppt,
  AUTHOR = {Arter, W.},
  TITLE = "{Software Engineering for Fusion Reactor Design}",
  NUMBER = "{Presentation at  Frontiers in Scientific Software - 2018 SEA conference}",
  INSTITUTION={CCFE},
  NOTE = {\url{http://dx.doi.org/10.13140/RG.2.2.18856.67843}},
  YEAR = 2018
}
@TECHREPORT{Ar18Adap-ppt,
  AUTHOR = {Arter, W. and Turner, I. and King, D.},
  TITLE = "{Adaptive Leapfrog Scheme for Charged Particle Sources}",
  NUMBER = "{Presentation at  ICNSP 2017}",
  INSTITUTION={CCFE},
  NOTE = {\url{http://dx.doi.org/10.13140/RG.2.2.22212.12167}},
  YEAR = 2017
}
@TECHREPORT{Ar16Deve,
  AUTHOR = {Arter, W.},
  TITLE = "{SMITER Final Report}",
  NUMBER = "{DIMT/REP/002}",
  INSTITUTION={CCFE},
  YEAR = 2016
}
@TECHREPORT{pmi17,
  AUTHOR = {Arter, W. and Calleja, D. and Vizvary, Z.},
  TITLE = "{3D Heat load calculations with SMARDDA (PMI)}",
  NUMBER = "{EFDA\_D\_2N6N4W}",
  NOTE = "{\url{https://idm.euro-fusion.org/?uid=2N6N4W}}",
  INSTITUTION={Eurofusion},
  YEAR = 2017
}
@TECHREPORT{bb17,
  AUTHOR = {Arter, W.},
  TITLE = "{3D Heat load calculations with SMARDDA (BB)}",
  NUMBER = "{EFDA\_D\_2MTY8M}",
  NOTE = "{\url{https://idm.euro-fusion.org/?uid=2MTY8M}}",
  INSTITUTION={Eurofusion},
  YEAR = 2017
}
@TECHREPORT{Mu14impr,
  AUTHOR = {Murkin, S.},
  TITLE = "{An improved fieldline following algorithm using post-stabilised Runge-Kutta}",
  NUMBER = "{Intern Project Report}",
  INSTITUTION={CCFE},
  YEAR = 2014
}
@INPROCEEDINGS{Ca18Sens,
  AUTHOR = {Calleja, D.C. and Arter, W. and De-Angelis, M. and Patelli, E.},
  TITLE={{Strategy for Sensitivity Analysis of DEMO first wall}},
  BOOKTITLE={{3rd International Conference on Vulnerability and Risk Analysis and Management (ICVRAM)}},
  NOTE= {\url{https://www.researchgate.net/publication/ 325793196\_Strategy\_for\_Sensitivity\_Analysis\_of\_DEMO\_first\_wall}},
  YEAR = {{April 8-11, 2018}}
}
@TECHREPORT{demo16-final,
  AUTHOR = {Arter, W. },
  TITLE = "{Studies of deposition of power by charged particles on DEMO first wall}",
  NUMBER = "{EFDA\_D\_2NGS58}",
  NOTE = "{\url{https://idm.euro-fusion.org/?uid=2NGS58}}",
  INSTITUTION={CCFE},
  YEAR = 2017
}
@TECHREPORT{mu-nuc,
  AUTHOR = {Arter, W.},
  TITLE = "{SMARDDA/NUCODE for Neutral Beam Duct Calculations}",
  NUMBER = "{CD/MU/04687}",
  INSTITUTION={CCFE},
  YEAR = 2017
}
@ARTICLE{Wa15,
  AUTHOR = {Arter, W. and Surrey, E. and King, D.B.},
  TITLE = "{The SMARDDA Approach to Ray-Tracing and Particle Tracking}",
  JOURNAL="{IEEE Transactions on Plasma Science}",
  VOLUME={43},
  NUMBER={9},
  PAGES={3323--3331},
  YEAR ={2015},
  NOTE = {\url{http://dx.doi.org/10.1109/TPS.2015.2458897}}
}
@ARTICLE{Wa14b, 
  AUTHOR = {Arter, W. and Riccardo, V. and Fishpool, G.},
  TITLE = "{A CAD-Based Tool for Calculating Power Deposition on Tokamak Plasma-Facing Components}",
  JOURNAL="{IEEE Transactions on Plasma Science}",
  VOLUME={42},
  NUMBER={7},
  PAGES={1932--1942},
  YEAR ={2014},
  COMMENT={{http://arxiv.org/abs/1403.7142}},
  NOTE = {\url{http://dx.doi.org/10.1109/TPS.2014.2320904}}
}

@ARTICLE{Wa14a,
  AUTHOR = {Arter, W. and Surrey, E. and King, D.B.},
  TITLE = "{The SMARDDA Approach to Ray-Tracing and Particle Tracking}",
  JOURNAL="{IEEE Transactions on Plasma Science}",
  NOTE = {published version at \url{http://dx.doi.org/10.1109/TPS.2015.2458897}},
  COMMENT={{http://arxiv.org/abs/1403.6750}},
  YEAR ={2014}
}
@TECHREPORT{afws-final,
  AUTHOR = {Riccardo, V. and Arter, W. and Vizvary, Z.},
  TITLE = "{Independent Assessment of ITER FW Shaping}",
  NUMBER = "{F4E\_D\_24NDFU}",
  NOTE = "{\url{https://idm.f4e.europa.eu/?uid=24NDFU\&version=v1.2}}",
  INSTITUTION={CCFE},
  YEAR = 2012
}
@inproceedings{Wa11c,
  title={{Ensuring Accurate Fieldline-Body Intersection}},
  author={Arter, W. and Riccardo, V. and Mattei, M. and Saibene, G.},
  booktitle={ICNSP 2011},
  editor={Lee, W.W.},
  NOTE={\url{http://icnsp2011.pppl.gov/presentations/Oralsession\_8B/ArterW\_ICNSP2011.pdf}},
  year={2011}
}

@INPROCEEDINGS{Wa09f,
  AUTHOR = {King, D.B. and Arter, W.},
  TITLE= "{Particle tracking in complex geometry}",
  BOOKTITLE = "{21st International Conference on Numerical Simulation of Plasmas
(ICNSP `09)}",
  PAGES = {37--38},
  YEAR =2009,
  PUBLISHER = {IPFN}
}

