@book{kaloswhitlock,
  title={{Monte Carlo Methods. Vol. 1: basics}},
  author={Kalos, M.H. and Whitlock, P.A.},
  year={1986},
  publisher={Wiley-Interscience New York, NY, USA}
}
@techreport{ccfe-r11-11,
  author={{Sublet, J.-C. and Eastwood, J.W. and Morgan, J.G.}},
  title={{The FISPACT-II User Manual}},
  institution={CCFE},
  number={CCFE-R(11)11},
  year={2012}
}
@article{Ca11scre,
  title={{From screening to quantitative sensitivity analysis. A unified approach}},
  author={Campolongo, F. and Saltelli, A. and Cariboni, J.},
  journal={Computer Physics Communications},
  volume={182},
  number={4},
  pages={978--988},
  year={2011}
}
@book{niederreiter,
  title={{Random Number Generation and Quasi-Monte Carlo Methods}},
  author={Niederreiter, H.},
  year={1992},
  publisher={Society for Industrial Mathematics}
}
@article{Si10Vari,
  title={{Variance Bounds and Existence Results for Randomly Shifted Lattice Rules}},
  author={Sinescu, V. and L'Ecuyer, P.},
  journal={Submitted},
  volume={Journal of Computational and Applied Mathematics},
  year={2012}
}
@article{Ca04Comp,
  title={{A comparative review of Sensitivity and uncertainty analysis of large-scale systems. II: Statistical methods}},
  author={Cacuci, D.G. and Ionescu-Bujor, M.},
  journal={Nuclear Science and Engineering},
  volume={147},
  number={3},
  pages={204--217},
  year={2004}
}
