@book{ch17mode,
title={{Model Order Reduction, chapter in Encyclopedia of Computational Mechanics}},
author={Francisco Chinesta and Antonio Huerta and Gianluigi Rozza and Karen Willcox},
publisher={John Wiley \& Sons},
year={2017}
}

@article{bo17mode,
author={Matteo Bonotto and Paolo Bettini and Angelo Cenedese},
title={{Model order reduction of large-scale state-space models in fusion machines via Krylov methods}},
journal={IEEE Transactions on Magnetics},
volume={53},
issue={6},
year={2017}
}

@article{ni19mode,
author={Julio L. Nicolini and Dong-Yeop Na and Fernando L. Teixeira},
title={{Model order reduction of electomagnetic particle -in-cell kinetic plasma simulations via proper orthogonal decomposition}},
journal={IEEE Transactions on Plasma Science},
volume={47},
issue={12},
year={2019}
}

@article{gi21mode,
author={C. Gillot and G. Dif-Pradalier and X. Garbet and P. Ghendrih and V. Grandgirard and Y. Sarazin},
title={{Model order reduction approach to the one-dimensional collisionless closure problem}},
journal={Physics of Plasmas},
volume={28},
year={2021}
}

@incollection{talagrand2012,
  author      = "O. Talagrand",
  title       = {{4D-VAR: four-dimensional variational assimilation}},
  editor      = "\'E. Blayo and M. Bocquet and E. Cosme and L. F. Cugliandolo",
  booktitle   = "Advanced Data Assimilation (Les Houches 2012 Special Issue)",
  publisher   = "Oxford University Press",
  address     = "Oxford",
  year        = 2012,
  pages       = "3-30",
  chapter     = 1,
}

@incollection{lorenc2012,
  author      = "A.C. Lorenc",
  title       = "{{Four-dimensional variational data assimilation}}",
  editor      = "\'E. Blayo and M. Bocquet and E. Cosme and L. F. Cugliandolo",
  booktitle   = "Advanced Data Assimilation (Les Houches 2012 Special Issue)",
  publisher   = "Oxford University Press",
  address     = "Oxford",
  year        = 2012,
  pages       = "31-73",
  chapter     = 2,
}

@incollection{snyder2012,
  author      = "C. Snyder",
  title       = "{{Introduction to the Kalman filter}}",
  editor      = "\'E. Blayo and M. Bocquet and E. Cosme and L. F. Cugliandolo",
  booktitle   = "Advanced Data Assimilation (Les Houches 2012 Special Issue)",
  publisher   = "Oxford University Press",
  address     = "Oxford",
  year        = 2012,
  pages       = "75120",
  chapter     = 3,
}

@misc{pymorwebsite,
  title={{pyMOR online documentation}},
  howpublished={\url{https://docs.pymor.org}},
  year={2021},
  note={Accessed: March 2021}
}
