
@article{El65Lami,
  title={Laminar free convection in a vertical slot},
  author={Elder, J.W.},
  journal={Journal of Fluid Mechanics},
  volume={23},
  part={1},
  pages={77-98},
  year={1965}
}

@article{El65Turb,
  title={Turbulent free convection in a vertical slot},
  author={Elder, J.W.},
  journal={Journal of Fluid Mechanics},
  volume={23},
  part={1},
  pages={99-111},
  year={1965}
}

@book{karniadakissherwin,
  title={{Spectral/hp Element Methods for Computational Fluid Dynamics, 2nd Ed.}},
  author={Karniadakis, G.E. and Sherwin, S.J.},
  publisher={Oxford Science Publications},
  year={2005}
}

@article{Wright89Glazing,
  title={Natural Convection in Sealed Glazing Units: a Review},
  author={Wright, J.L. and Sullivan, H.F.},
  journal={ASHRAE Transactions},
  volume={95},
  part={1},
  year={1989}
}

@article{Xaman05Facade,
  title={Numerical study of heat transfer by laminar and turbulent natural convection in tall cavities of fa\c{c}ade elements},
  author={Xam\'an, J. and \`Alvarez, G. and Lira, L. and Estrada, C.},
  journal={Energy and Buildings},
  volume={37},
  pages={787-794},
  year={2005}
}

@article{Ng15Conv,
  title={Vertical natural convection: application of the unifying theory of thermal convection},
  author={Ng, C.S. and Ooi, A. and Lohse, D. and Chung, D.},
  journal={Journal of Fluid Mechanics},
  volume={764},
  pages={349-361},
  year={2015}
}

@article{Bu81Asym,
  title={An asymptotic model of two-dimensional convection in the limit of low Prandtl number},
  author={Busse, F.H. and Clever, R.M.},
  journal={Journal of Fluid Mechanics},
  volume={102},
  pages={75-83},
  year={1981}
}

@article{Wi19Stab,
  title={Stability of scrape-off layer plasma: a modified Rayleigh-B\'enard problem},
  author={Wilczynski, F. and Hughes, D.W., and Van Loo, S. and Arter, W. and Militello, F.},
  journal={Physics of Plasmas},
  volume={26},
  year={2019}
}

@misc{nektardiffusionwebsite,
  title={{Nektar-diffusion proxyapp}},
  howpublished = {\url{https://github.com/ExCALIBUR-NEPTUNE/nektar-diffusion}},
  YEAR = 2021,
  note={Accessed: September 2021}
}

@misc{nektardriftwavewebsite,
  title={{Nektar++ solver for Hasegawa-Wakatani equations}},
  howpublished = {\url{https://github.com/ExCALIBUR-NEPTUNE/nektar-driftwave}},
  YEAR = 2021,
  note={Accessed: September 2021}
}

@misc{gyrokineticsgroupwebsite,
  title={{Moment\_kinetics}},
  howpublished = {\url{https://github.com/mabarnes/moment_kinetics}},
  YEAR = 2021,
  note={Accessed: September 2021}
}
